Date,Region,Product,Sales,Units,Profit
2022-04,Central,Product C,57107.91,1073,10802.91
2025-03,East,Product C,54185.62,1002,13092.03
2019-10,Central,Product B,53496.43,823,5357.98
2022-12,Central,Product A,53629.43,417,9995.94
2022-01,East,Product C,42022.74,776,12386.25
2019-03,East,Product D,88392.32,878,9660.4
2022-03,Central,Product A,40990.42,741,9708.44
2022-12,West,Product E,44477.44,875,7926.42
2022-02,West,Product B,29330.91,729,6263.32
2023-03,South,Product B,17324.99,591,4943.37
2021-12,West,Product A,53952.29,1128,11726.54
2025-05,West,Product D,33041.72,826,8605.36
2023-05,North,Product A,39846.17,922,4028.62
2018-11,East,Product A,63958.77,935,14147.17
2021-05,West,Product A,27377.7,1019,3085.79
2019-11,Central,Product C,26387.67,927,5600.75
2021-11,East,Product A,35993.56,956,5442.72
2020-03,North,Product B,51305.71,740,8356.22
2018-04,Central,Product E,28721.05,838,8288.05
2023-11,East,Product C,57521.72,1031,15777.76
2020-04,West,Product D,64439.62,758,10624.1
2025-08,North,Product A,62748.82,537,6281.41
2024-05,North,Product C,50076.7,753,9188.18
2021-01,North,Product C,36395.19,636,4864.52
2020-08,North,Product D,53863.26,785,15754.43
2021-03,South,Product C,33912.02,601,3641.38
2018-02,South,Product D,47114.59,860,6076.79
2021-08,South,Product D,46785.13,662,6944.41
2021-02,Central,Product D,49318.96,843,12985.01
2019-04,North,Product A,35141.96,686,3800.78
2019-08,West,Product C,60771.92,609,15916.18
2019-08,West,Product A,36208.64,1109,10404.41
2018-01,East,Product D,37436.28,935,7797.59
2021-06,East,Product D,24342.06,823,7284.38
2018-12,Central,Product E,47795.82,836,7445.36
2019-07,East,Product D,53757.39,869,12278.53
2024-03,North,Product D,53394.32,969,5437.65
2025-05,East,Product A,77986.62,894,17967.51
2021-05,West,Product A,49927.15,723,6778.34
2018-08,East,Product A,56271.78,422,11353.55
2025-02,Central,Product C,54150.36,965,14022.9
2020-06,North,Product D,62751.81,878,9164.09
2021-12,East,Product D,50629.7,772,6856.38
2025-08,Central,Product E,54908.35,901,15957.16
2021-10,Central,Product C,35757.21,680,5495.7
2023-07,South,Product A,66444.95,732,19003.48
2021-10,South,Product B,37171.39,594,6115.07
2020-09,North,Product C,56746.61,1155,9039.85
2020-02,East,Product B,57725.72,1570,14989.0
2023-05,West,Product C,32711.52,499,3886.01
2025-03,East,Product A,52247.51,828,7839.75
2021-06,East,Product D,64495.88,697,9952.27
2018-05,West,Product E,44382.18,541,10647.39
2021-04,West,Product E,48392.08,702,9035.0
2022-10,South,Product E,76719.37,664,8564.85
2018-01,South,Product A,31086.74,983,9045.4
2023-04,Central,Product E,27209.45,703,4658.11
2025-02,North,Product E,46439.12,1174,5552.58
2021-12,Central,Product D,46211.48,550,8304.25
2018-10,Central,Product D,48073.82,706,10824.88
2022-10,North,Product E,64589.49,1108,18652.05
2018-02,North,Product D,59707.44,825,12842.76
2022-02,East,Product D,53404.76,745,14105.69
2018-12,East,Product A,54214.88,675,6193.38
2018-08,Central,Product B,33125.72,1056,5039.71
2018-07,West,Product B,64280.17,1090,17708.83
2020-12,North,Product E,50761.16,898,9375.29
2019-12,East,Product A,40771.32,876,6115.83
2019-12,Central,Product D,73292.9,712,18389.82
2020-06,North,Product A,69582.18,804,11412.17
2022-11,East,Product A,43830.64,996,12770.5
2022-04,East,Product B,37726.69,1218,5985.04
2020-01,West,Product C,44861.17,849,12838.63
2022-10,South,Product E,54867.77,1135,13232.26
2024-04,North,Product B,51351.09,816,13746.49
2021-10,Central,Product B,63293.03,753,8185.12
2020-05,Central,Product C,65910.39,847,18196.01
2019-05,North,Product E,40036.59,1072,4672.28
2023-01,West,Product C,38124.2,565,7125.05
2021-09,Central,Product B,39764.86,790,4921.44
2023-01,North,Product A,33436.67,952,6020.09
2020-01,North,Product E,51044.79,996,15241.61
2020-12,East,Product C,50367.65,899,11377.03
2019-02,North,Product E,36541.46,1105,9041.09
2024-03,West,Product B,82847.04,638,12880.75
2025-08,West,Product B,29713.24,688,4551.7
2021-05,West,Product C,55126.34,1175,8925.26
2024-12,Central,Product D,40305.51,719,4644.81
2018-06,South,Product C,61129.45,1095,11226.34
2022-08,South,Product C,67691.6,706,20135.22
2022-01,East,Product E,40763.21,1087,10836.2
2022-01,Central,Product A,13216.03,619,2044.27
2022-07,West,Product A,74582.9,845,21079.6
2019-11,Central,Product E,45304.64,480,5700.77
2022-03,Central,Product E,54997.6,748,13826.39
2020-10,West,Product B,0.0,746,0.0
2022-02,West,Product A,80911.22,1151,22277.34
2022-09,North,Product E,72335.68,975,10314.55
2021-02,West,Product B,65876.37,448,11755.56
2025-07,East,Product B,53002.02,365,13607.24
2020-06,South,Product C,64529.43,929,12381.22
2019-05,South,Product A,45779.22,467,13550.95
2022-05,South,Product E,55633.82,525,9363.88
2019-11,East,Product D,42292.0,588,11814.59
2023-07,East,Product E,51140.72,870,7403.63
2019-09,Central,Product B,37767.51,688,4446.77
2018-01,Central,Product A,61790.51,742,7770.14
2025-06,Central,Product C,39504.12,842,10852.4
2023-03,Central,Product A,62770.31,675,15670.73
2022-04,South,Product D,40602.14,361,10130.0
2019-02,East,Product C,58648.35,862,11866.64
2019-06,South,Product C,36931.3,754,9139.8
2020-04,South,Product A,26592.41,841,4483.09
2020-01,West,Product B,49880.41,1095,5855.16
2025-02,South,Product A,19886.48,1013,3330.77
2022-04,South,Product B,49831.59,472,8275.52
2020-09,Central,Product E,43128.35,674,5698.82
2024-03,North,Product C,12458.61,936,3693.67
2018-06,South,Product D,41348.43,951,5548.03
2022-03,North,Product B,80649.81,1123,12581.03
2021-08,Central,Product B,38551.11,439,7768.9
2018-12,North,Product B,46797.91,827,9416.71
2024-05,East,Product C,47771.73,718,6061.42
2019-11,South,Product D,59399.24,597,6983.78
2023-03,Central,Product A,57947.06,1088,11260.0
2020-11,North,Product E,55567.19,679,15984.91
2024-04,East,Product C,52752.68,870,5782.69
2023-12,East,Product A,61442.71,927,16283.95
2021-01,Central,Product C,54346.62,1215,9334.91
2021-06,North,Product B,46248.16,1060,8111.41
2022-03,Central,Product A,50276.28,1135,7362.59
2023-06,Central,Product C,15664.08,1086,2609.06
2022-03,South,Product D,57640.67,1049,11913.88
2020-03,West,Product E,43109.59,630,6453.41
2022-07,North,Product D,72646.57,880,20003.46
2021-02,Central,Product D,83857.97,613,16809.97
2018-08,Central,Product E,61354.83,615,14971.03
2020-12,West,Product B,38393.16,551,5233.74
2024-02,South,Product C,54199.53,574,10903.74
2025-05,North,Product D,36867.12,840,10461.05
2018-05,Central,Product B,40960.28,1060,4660.64
2022-03,Central,Product A,48646.59,956,5966.39
2019-09,South,Product D,50835.87,1018,11095.19
2019-09,North,Product E,66064.95,683,6667.7
2021-05,East,Product D,62347.56,814,10553.52
2024-10,East,Product B,52420.3,955,5586.4
2022-03,North,Product D,62066.59,768,10705.17
2023-03,East,Product B,45966.67,578,5381.31
2023-01,North,Product A,36937.03,477,6846.57
2022-08,East,Product E,28494.37,1093,7616.91
2019-07,South,Product A,46175.34,1100,9460.31
2025-08,North,Product B,73875.76,796,8909.14
2018-08,Central,Product C,28887.32,644,6609.42
2025-03,West,Product B,46147.74,1004,9706.93
2023-07,East,Product E,24372.45,1002,5212.99
2022-03,North,Product D,44739.78,754,6649.87
2024-06,East,Product D,24601.01,619,2887.79
2024-02,North,Product E,24953.31,1152,6950.35
2021-11,Central,Product D,65076.53,698,11232.98
2018-12,West,Product E,67778.15,665,11695.23
2022-05,West,Product C,64577.34,793,16788.24
2024-09,South,Product C,75521.44,817,18107.71
2020-01,North,Product C,34332.58,755,9617.05
2025-03,Central,Product C,51809.71,1062,13626.52
2021-05,South,Product A,48965.29,284,11949.51
2025-02,Central,Product C,74308.0,1114,17314.31
2023-11,South,Product E,45151.02,1028,11476.59
2021-10,South,Product D,52208.12,755,5933.45
2018-11,East,Product D,35361.9,1010,7542.02
2022-07,Central,Product A,54466.4,456,7211.5
2024-09,East,Product E,55618.78,590,10837.18
2024-01,North,Product A,74824.68,659,16435.78
2020-01,East,Product C,45383.22,668,11867.08
2022-01,Central,Product A,48883.5,924,6698.34
2023-02,East,Product E,62072.05,986,14118.06
2023-12,North,Product B,27101.72,788,8063.67
2020-02,South,Product A,54073.68,544,15308.13
2019-02,Central,Product A,47108.3,769,8684.53
2024-10,West,Product C,64074.26,696,6881.67
2020-07,East,Product D,34362.73,1055,8417.27
2021-03,North,Product D,40241.23,1008,9061.45
2019-04,Central,Product B,46728.44,999,8990.02
2020-10,East,Product E,60700.99,809,15767.49
2021-03,West,Product E,42240.67,1081,8278.12
2022-09,West,Product A,43317.46,1090,7982.17
2018-05,North,Product A,45494.59,639,7163.02
2023-08,South,Product E,49479.73,846,8751.25
2025-04,West,Product D,58446.18,493,17327.31
2023-03,East,Product E,47762.16,668,12779.49
2022-06,Central,Product C,26450.59,814,3578.91
2025-06,North,Product A,57729.09,1038,8270.55
2018-09,East,Product D,71307.56,685,17057.06
2025-04,East,Product C,39421.84,659,8175.89
2024-01,West,Product E,40808.17,722,11334.45
2020-01,South,Product D,48964.66,762,14019.46
2018-11,East,Product B,23771.8,548,3612.14
2018-05,South,Product B,42235.83,844,11413.87
2021-04,Central,Product E,52270.54,972,12148.84
2021-04,East,Product E,58758.92,728,15247.07
2021-04,West,Product A,46006.44,746,7673.96
2021-09,North,Product E,65127.81,1106,16317.34
2018-07,Central,Product C,49375.68,911,13618.52
2021-06,South,Product C,53444.42,769,5356.41
2018-02,Central,Product E,38268.56,676,4470.52
2020-03,North,Product A,29602.16,949,6713.8
2025-04,Central,Product C,44135.92,665,4576.26
2023-03,West,Product D,58357.68,659,15042.36
2019-08,West,Product B,61278.54,995,11931.84
2019-10,South,Product C,41201.78,1182,9456.42
2022-04,Central,Product D,48034.42,392,12204.66
2022-10,South,Product B,28279.79,360,3753.43
2020-05,Central,Product C,66827.8,1062,10335.05
2024-09,West,Product D,56462.6,848,15328.02
2024-12,East,Product A,22298.41,686,3660.25
2021-02,South,Product E,55306.44,742,13438.63
2019-06,West,Product C,55140.88,891,14015.95
2021-10,South,Product D,57707.53,748,16937.29
2019-08,North,Product A,28608.12,921,6055.84
2021-12,North,Product D,51921.57,663,7985.47
2025-04,East,Product E,48215.03,564,11383.15
2024-10,East,Product E,53869.95,893,13458.46
2021-05,North,Product D,86030.39,795,20689.71
2024-02,South,Product D,50937.54,643,14084.57
2020-06,North,Product E,47314.82,653,5987.37
2025-06,South,Product B,55278.37,826,6901.17
2018-06,North,Product A,50894.46,670,12306.9
2018-08,South,Product D,41308.05,1017,10862.57
2018-07,East,Product D,82338.27,1034,21141.71
2018-03,North,Product D,44457.18,840,4982.33
2025-03,West,Product E,85528.39,715,14180.9
2021-09,Central,Product E,49634.68,1228,10476.53
2019-06,East,Product E,33082.59,912,7809.0
2022-06,North,Product D,66968.79,745,15118.4
2025-08,West,Product D,96573.01,869,19584.93
2020-12,South,Product E,73530.64,491,16143.26
2020-12,South,Product C,62007.47,835,8813.27
2019-06,Central,Product A,56024.38,662,15788.04
2025-03,South,Product D,53459.61,335,9762.06
2021-02,Central,Product A,58154.0,725,10994.66
2025-05,West,Product B,54023.25,657,8774.98
2020-04,South,Product C,30579.78,1032,7788.51
2022-08,West,Product E,38495.7,647,10653.37
2019-02,South,Product E,64944.0,701,12091.11
2019-08,East,Product D,37424.19,904,4997.02
2021-01,Central,Product D,68217.64,782,17813.95
2020-04,West,Product C,45096.79,689,5024.57
2021-01,West,Product B,60989.6,783,9955.41
2022-03,West,Product B,42785.81,308,10148.52
2025-05,South,Product E,47996.3,1017,9748.97
2022-02,West,Product D,39009.74,901,5370.46
2018-08,Central,Product E,48457.34,794,7211.88
2020-02,North,Product D,52974.34,748,15030.7
2018-01,East,Product E,62587.77,1163,10622.07
2023-06,South,Product A,44982.39,841,7095.39
2024-03,West,Product B,24728.22,613,5774.5
2023-10,South,Product B,44536.96,950,12193.34
2018-01,North,Product E,33555.87,511,6014.37
2019-09,East,Product D,83182.87,1022,17396.65
2020-11,West,Product B,32172.7,862,7351.95
2023-06,North,Product C,59335.95,811,15987.09
2020-04,Central,Product E,32648.84,493,5869.1
2021-01,West,Product D,70764.09,912,18582.45
2021-07,Central,Product E,61383.93,856,9127.57
2024-03,East,Product D,47166.55,910,5673.39
2023-08,Central,Product D,57836.28,841,11940.42
2018-08,South,Product D,39247.01,1111,11591.41
2025-06,North,Product C,41895.17,902,6663.66
2021-06,Central,Product B,47842.31,959,5617.06
2022-06,North,Product D,51878.37,714,15059.29
2019-10,Central,Product D,39470.12,667,8770.11
2021-06,North,Product B,37140.88,588,9151.2
2022-12,South,Product A,53592.16,643,10201.46
2023-09,North,Product C,48796.11,1018,10104.29
2019-10,Central,Product C,64458.19,1242,9436.0
2024-06,Central,Product E,60004.71,490,14111.2
2021-06,Central,Product A,58534.75,1125,9063.06
2020-12,Central,Product A,25527.49,1116,4426.24
2023-10,North,Product D,68578.25,757,16041.86
2021-08,East,Product E,59469.37,488,14036.34
2021-08,Central,Product B,68415.03,558,20444.32
2018-02,North,Product C,46092.52,1145,5163.67
2021-08,South,Product D,51657.36,875,12964.32
2022-07,South,Product A,14966.41,700,1855.32
2018-05,West,Product D,61596.61,568,7304.48
2019-10,South,Product A,52331.41,1293,6900.46
2019-02,West,Product A,39769.48,565,7006.66
2018-02,East,Product A,22456.92,901,4028.69
2019-11,South,Product D,55479.51,1080,11834.62
2018-12,North,Product B,82878.61,936,19464.93
2020-06,East,Product D,41806.1,996,4372.03
2025-07,South,Product C,50422.72,798,11506.18
2020-01,South,Product A,20462.79,756,4527.89
2023-05,Central,Product D,12114.22,812,1566.06
2018-08,Central,Product B,26281.14,807,3048.43
2018-12,West,Product E,60886.5,708,6092.7
2021-07,South,Product D,30315.81,487,6453.88
2020-10,South,Product A,52230.01,732,15498.51
2024-11,North,Product C,38453.47,687,9164.37
2018-04,West,Product A,39008.7,659,5256.44
2020-12,West,Product B,29496.82,755,5119.23
2025-08,Central,Product E,41352.34,281,4293.96
2024-07,Central,Product B,35098.16,915,7854.6
2019-01,Central,Product B,35088.41,793,7354.25
2023-03,Central,Product D,39696.26,708,4979.5
2020-10,West,Product D,66373.27,906,14789.04
2020-05,South,Product E,54371.75,653,15689.85
2018-02,West,Product E,54877.65,766,8265.22
2019-09,West,Product C,13524.3,780,2569.95
2022-01,North,Product D,65162.93,773,7893.75
2021-08,North,Product E,61895.85,1045,16119.29
2019-12,North,Product E,13491.47,837,2595.61
2018-11,West,Product C,34296.34,907,4623.9
2018-05,Central,Product B,59106.97,1062,10425.76
2022-02,East,Product A,37079.24,623,4221.5
2025-05,South,Product B,38284.69,725,7460.43
2018-02,Central,Product E,50614.8,965,11302.28
2018-11,South,Product A,34327.86,406,6449.55
2025-05,South,Product D,42742.83,733,5962.37
2021-10,North,Product E,62907.1,683,17127.97
2018-12,North,Product B,31380.22,921,9278.48
2021-10,West,Product C,66871.98,640,10289.34
2025-08,Central,Product E,48584.42,782,11912.71
2020-03,South,Product C,43637.01,611,7971.75
2021-01,Central,Product A,21512.35,815,4582.23
2020-05,West,Product A,40664.33,895,7820.22
2019-04,North,Product D,46864.65,629,12185.47
2025-05,South,Product E,60797.56,1089,8366.04
2021-05,Central,Product A,47989.74,802,12102.92
2022-06,West,Product A,61607.49,1024,15479.06
2023-10,East,Product E,45686.13,611,10447.19
2018-10,East,Product B,28724.51,447,6868.71
2019-09,South,Product D,43757.09,563,7896.64
2023-11,West,Product E,41536.29,836,8971.7
2022-07,West,Product D,49700.37,666,10927.81
2019-07,West,Product D,66354.12,515,8612.76
2019-12,Central,Product D,60445.81,991,15578.28
2023-04,East,Product E,43523.06,622,8130.28
2019-06,West,Product A,72701.75,926,21786.5
2021-09,North,Product A,49050.66,1254,6653.75
2019-03,West,Product C,54556.7,524,16144.93
2018-03,Central,Product C,52113.29,446,8324.84
2019-07,South,Product C,65494.46,761,17577.84
2021-01,West,Product A,60407.84,779,14570.6
2025-06,West,Product B,51498.58,829,5222.26
2021-05,West,Product D,55929.64,685,12941.62
2020-12,Central,Product D,35689.07,609,9187.27
2018-10,South,Product A,42108.83,797,4738.53
2022-09,Central,Product D,66066.87,654,7748.65
2019-03,South,Product C,51004.86,903,14656.99
2021-06,South,Product D,58136.96,1050,11563.22
2019-09,South,Product E,33344.01,913,7104.48
2019-07,East,Product A,40889.82,1125,4815.51
2025-02,North,Product A,65181.02,343,16838.86
2022-01,North,Product B,48760.28,634,9602.81
2025-01,Central,Product B,33135.61,930,3960.12
2019-04,East,Product E,37360.7,1000,9616.42
2021-02,West,Product C,40291.39,788,10365.19
2023-04,Central,Product D,73741.81,854,18496.03
2019-03,Central,Product D,44592.9,902,8483.7
2022-10,West,Product B,77428.9,1203,9200.91
2018-03,West,Product A,68968.68,707,12027.21
2019-11,North,Product C,69642.09,686,20397.84
2018-12,South,Product D,55438.56,1073,12579.92
2022-07,North,Product B,57270.99,630,14813.27
2018-07,East,Product E,46016.8,896,13653.38
2020-09,West,Product A,48588.46,735,11978.37
2021-12,East,Product E,80937.87,586,9444.87
2020-08,North,Product D,37109.9,1028,11046.99
2019-09,Central,Product B,32164.83,748,3297.59
2020-01,East,Product A,42140.05,548,12418.31
2025-08,Central,Product A,52526.91,1063,12714.06
2021-08,North,Product C,54150.64,946,8816.38
2025-04,South,Product C,51046.69,1008,7599.22
2020-04,South,Product A,41520.73,717,7041.43
2021-11,South,Product B,32868.04,1202,7081.42
2019-05,Central,Product D,56055.95,795,12715.08
2024-12,Central,Product B,67920.11,575,7738.02
2021-03,North,Product D,58800.41,705,9164.35
2023-03,East,Product D,44960.31,886,7736.57
2019-09,East,Product A,65430.24,536,18821.73
2024-04,North,Product A,59520.82,1021,9050.58
2018-06,East,Product C,35505.31,830,6725.1
2021-02,West,Product E,17409.96,969,5142.21
2024-06,East,Product D,49259.35,739,5193.66
2025-03,North,Product C,62651.21,899,18567.3
2024-06,North,Product C,58540.39,1246,13289.71
2019-02,Central,Product E,48201.91,756,5264.84
2020-09,West,Product A,61181.06,622,13445.25
2023-08,West,Product B,64254.61,1142,17892.37
2022-07,Central,Product A,41628.36,461,6392.26
2022-02,Central,Product E,36089.7,847,4286.43
2023-01,North,Product D,42231.31,848,11914.94
2021-10,North,Product C,47938.27,990,10614.39
2022-03,West,Product A,34783.72,956,7042.75
2020-04,West,Product D,82564.14,764,23952.37
2020-10,East,Product A,84363.26,821,9633.14
2020-01,South,Product A,51592.68,706,14522.1
2024-11,West,Product B,28905.24,783,6421.47
2024-12,North,Product E,67385.23,824,7405.59
2018-08,East,Product D,45361.86,649,11817.54
2022-01,South,Product C,41288.33,970,10885.31
2019-09,East,Product C,66140.11,804,13142.66
2018-11,East,Product C,44013.32,669,7874.65
2019-07,West,Product E,61580.32,1106,9968.29
2021-09,South,Product D,42754.08,829,6478.16
2025-03,North,Product D,39375.67,868,6960.35
2020-12,South,Product E,46833.05,602,11719.3
2024-04,South,Product C,57678.86,766,13480.39
2024-02,South,Product C,48521.18,803,11024.94
2024-01,North,Product D,56774.49,585,14091.22
2021-02,East,Product B,49501.55,758,7871.15
2023-05,Central,Product B,47380.43,502,12477.38
2021-02,West,Product E,40306.59,1155,9455.66
2024-01,Central,Product B,28854.59,892,5102.87
2023-07,West,Product D,47985.37,962,7858.73
2021-12,South,Product C,73784.7,955,17537.22
2021-03,South,Product D,33414.43,757,9289.86
2023-05,West,Product C,50743.68,767,11538.12
2021-07,East,Product C,66654.54,563,14741.04
2020-10,West,Product D,35927.34,828,4795.29
2022-02,Central,Product C,33278.78,819,3988.81
2021-10,East,Product C,46118.06,1119,7279.69
2021-01,South,Product D,60454.32,733,13335.53
2024-01,North,Product E,26905.0,502,4522.12
2023-08,Central,Product E,89493.87,438,11962.41
2022-05,East,Product C,65933.51,706,15942.9
2025-01,West,Product E,50916.73,898,8628.12
2025-08,Central,Product C,54866.0,728,7761.44
2019-05,East,Product D,34272.14,559,8859.49
2019-07,Central,Product E,51271.74,783,12416.83
2019-07,East,Product E,24671.57,1028,4729.37
2019-09,East,Product D,52420.37,721,10135.81
2018-12,North,Product C,55656.51,794,10946.6
2023-10,South,Product D,36414.02,669,9189.43
2019-03,East,Product C,46672.6,934,11441.47
2022-05,East,Product B,81655.32,566,17823.83
2018-07,Central,Product C,47039.92,769,12738.05
2024-09,North,Product A,34651.58,641,5626.72
2023-07,East,Product E,84998.67,838,24248.12
2024-08,South,Product E,83596.15,892,19134.66
2024-04,South,Product A,36584.75,663,10664.07
2021-11,East,Product C,48144.07,728,10908.55
2019-03,Central,Product E,62006.14,950,14367.33
2018-01,West,Product C,38494.18,842,7603.59
2021-10,West,Product C,38113.7,738,9972.34
2021-09,South,Product E,50452.86,921,8068.08
2021-04,North,Product B,59888.69,987,6590.46
2023-06,South,Product E,33475.07,927,9127.99
2023-07,East,Product E,67254.44,855,14109.72
2020-06,Central,Product E,25206.22,1040,5786.43
2025-02,North,Product B,77007.67,1047,8806.22
2020-08,South,Product B,62650.59,911,16338.75
2019-10,West,Product E,53394.51,885,9626.45
2020-07,South,Product B,58343.26,962,9002.91
2022-01,North,Product A,40607.15,803,6303.61
2021-02,North,Product B,18898.69,714,5444.52
2023-04,Central,Product D,45905.37,644,7073.04
2020-03,South,Product D,62877.7,830,18146.3
2024-11,North,Product D,38761.9,868,4204.05
2020-05,North,Product D,71341.22,985,7196.38
2019-11,Central,Product E,47472.4,839,7390.88
2018-11,North,Product D,34169.19,1011,4136.97
2024-11,East,Product D,13621.79,793,3720.98
2021-11,South,Product C,42377.9,770,10743.37
2024-10,Central,Product E,74324.0,675,12949.64
2021-02,East,Product A,59722.06,951,6401.47
2018-09,West,Product B,52074.48,732,10083.22
2023-05,West,Product E,36822.76,517,4110.1
2022-06,South,Product E,61112.37,697,6290.83
2021-01,South,Product A,46571.0,601,9247.74
2019-05,West,Product D,49711.09,747,14550.43
2022-12,South,Product A,65804.19,655,16752.71
2025-08,South,Product D,60092.92,918,7454.01
2018-06,Central,Product A,51527.84,1109,8740.11
2018-12,East,Product E,52471.41,810,14136.44
2024-01,East,Product A,26714.34,957,3777.91
2022-11,West,Product C,54681.04,829,12065.83
2024-05,West,Product D,50313.3,846,14719.34
2020-04,North,Product A,40068.04,680,5135.14
2020-02,North,Product B,32942.88,612,9761.99
2023-12,West,Product D,66842.96,903,19349.64
2025-04,West,Product A,54950.98,923,6178.72
2018-05,West,Product D,24664.12,656,6220.73
2023-01,South,Product E,51615.43,882,14748.18
2023-02,South,Product B,47447.31,537,10067.13
2018-06,Central,Product D,54524.29,937,6946.38
2024-03,Central,Product B,43561.33,917,12725.37
2019-04,West,Product C,11141.81,790,3237.85
2023-02,North,Product D,43643.35,476,9545.33
2022-07,South,Product B,37663.53,1063,9026.52
2021-07,Central,Product B,48616.49,880,13167.5
2023-05,East,Product A,53482.34,559,13601.92
2025-02,West,Product A,56951.65,909,9989.15
2020-04,South,Product C,50904.83,535,13319.51
2019-10,Central,Product C,49703.76,702,11555.47
2018-10,West,Product A,49892.0,923,10105.33
2023-11,North,Product C,71294.05,679,20225.07
2025-07,South,Product A,39730.55,958,8455.25
2025-07,South,Product D,37940.41,949,11050.68
2019-10,South,Product E,44531.76,507,10858.27
2022-08,East,Product E,74258.19,820,11621.35
2022-12,South,Product E,71165.76,718,13896.34
2019-03,South,Product D,40155.36,641,6390.28
2021-10,West,Product A,28913.68,613,7977.26
2018-01,East,Product C,42821.49,991,10222.5
2019-12,South,Product D,23321.19,863,4315.48
2023-09,Central,Product A,39864.38,806,11744.67
2018-07,Central,Product E,64924.73,767,7166.4
2023-08,West,Product D,60190.6,570,14950.1
2023-09,Central,Product B,34065.54,560,8261.72
2020-03,East,Product A,61750.86,749,16137.89
2021-03,Central,Product E,44697.57,592,8174.91
2021-06,South,Product C,51998.86,450,7995.83
2018-10,North,Product A,26173.03,958,6357.03
2019-09,Central,Product A,79935.01,1421,13897.19
2025-04,South,Product C,45883.4,844,5736.57
2022-09,North,Product B,41960.61,908,7094.21
2018-06,West,Product D,61060.6,1028,11422.29
2023-04,North,Product A,33624.49,722,8649.6
2023-08,South,Product A,49095.67,890,7216.8
2022-11,Central,Product C,54596.15,1168,11364.02
2023-05,Central,Product C,34445.73,790,10068.58
2023-02,East,Product C,35054.12,744,9571.85
2019-08,West,Product D,60402.18,721,14166.76
2023-12,East,Product B,51046.2,672,8041.13
2024-03,Central,Product C,60144.65,772,11193.4
2020-04,Central,Product C,39895.65,753,6650.31
2025-02,Central,Product C,47661.53,690,13768.93
2019-01,West,Product C,57100.59,1067,17020.11
2019-12,South,Product B,56073.71,791,6763.85
2022-10,Central,Product D,72703.97,677,17515.18
2021-05,North,Product C,38042.86,807,8411.14
2025-05,East,Product B,64226.7,542,18863.86
2021-07,East,Product E,76485.64,674,14654.99
2023-06,Central,Product B,36426.28,1091,7749.04
2024-01,North,Product A,25283.03,833,2538.51
2023-08,North,Product C,46776.34,855,10174.66
2020-06,North,Product E,46559.14,791,10084.02
2022-01,North,Product D,61368.58,1091,15212.14
2018-06,North,Product B,49646.72,765,5884.38
2025-01,North,Product D,53913.34,859,10919.89
2020-03,South,Product C,76243.76,1076,17348.33
2021-06,South,Product D,58807.07,574,15505.89
2022-04,North,Product A,46305.35,939,8564.37
2023-02,South,Product A,41299.2,847,11989.08
2018-10,South,Product C,22587.88,789,5813.08
2018-03,South,Product A,64663.52,649,11995.03
2018-06,East,Product A,62800.8,722,17775.86
2021-01,North,Product B,46537.0,1090,10519.66
2022-12,South,Product D,32695.64,822,8396.16
2019-06,South,Product C,30627.33,885,6678.18
2018-07,Central,Product C,61897.54,796,7494.47
2022-07,East,Product B,61059.37,768,7472.21
2020-05,Central,Product A,58140.57,592,16066.45
2021-11,West,Product C,45030.37,677,7293.18
2022-12,East,Product B,17827.96,906,3044.26
2022-04,North,Product E,58233.26,749,16920.43
2020-12,South,Product A,60614.55,801,16685.0
2025-01,Central,Product A,54623.91,368,14141.97
2025-03,North,Product D,56301.42,921,10575.78
2025-02,North,Product E,15175.54,586,3708.69
2019-11,Central,Product A,59293.5,882,12236.86
2019-06,North,Product A,73583.63,683,20333.55
2018-10,West,Product C,51586.24,494,11428.96
2024-06,East,Product D,53877.83,807,9856.8
2020-09,North,Product C,37296.32,1143,9350.89
2020-05,South,Product B,65228.42,751,14760.13
2021-12,Central,Product A,61364.94,798,11525.51
2025-04,South,Product A,42907.23,543,11976.91
2018-07,South,Product A,65415.42,864,15349.68
2018-03,Central,Product E,60890.05,611,16824.69
2022-06,West,Product A,68667.47,826,18147.28
2024-08,North,Product C,44184.83,665,9116.01
2020-05,East,Product C,37999.42,787,6747.38
2019-06,East,Product B,62726.46,350,18417.32
2025-08,West,Product A,49451.06,871,10022.43
2024-07,West,Product E,21851.71,923,3147.13
2022-06,East,Product D,76425.33,743,17680.69
2025-07,East,Product B,46865.69,1222,4736.37
2023-01,North,Product D,56859.21,1091,14578.25
2021-09,South,Product D,56146.44,627,12582.12
2020-05,East,Product D,52263.05,776,13065.53
2019-05,East,Product E,61761.91,862,13325.83
2025-02,South,Product D,77139.6,756,11894.04
2018-08,East,Product A,38628.72,662,7145.16
2024-04,South,Product D,55689.21,1121,12080.86
2022-02,West,Product C,57661.88,1006,14948.74
2023-02,North,Product C,52577.59,910,8670.17
2021-09,West,Product E,34800.26,940,7623.37
2019-10,South,Product E,58284.5,925,14697.62
2023-10,West,Product B,35758.64,1086,6667.89
2018-01,Central,Product E,45010.44,898,9518.24
2021-10,South,Product A,60061.11,741,17972.18
2019-06,South,Product C,58879.77,979,17278.43
2020-03,West,Product D,67420.98,637,17619.33
2024-02,East,Product E,86741.9,564,13948.62
2019-01,North,Product C,49410.39,773,12686.0
2024-03,West,Product E,59331.05,1065,14978.75
2020-08,East,Product B,80184.06,1004,21881.16
2018-10,East,Product A,52903.54,679,13046.05
2023-06,South,Product E,29689.72,689,6513.05
2019-12,East,Product B,55514.74,379,7901.26
2022-03,Central,Product D,67112.83,796,12901.33
2021-02,North,Product C,64073.33,729,7817.76
2024-03,Central,Product D,79438.81,800,19019.81
2022-06,South,Product C,61254.3,919,11195.17
2024-04,South,Product A,44972.93,868,4669.49
2020-09,East,Product C,20101.72,389,4766.92
2021-02,East,Product D,12056.6,740,1576.26
2021-01,North,Product B,52266.66,953,11423.82
2021-04,East,Product D,48890.79,709,5715.97
2024-12,West,Product C,56431.86,731,15643.97
2021-12,East,Product E,53717.49,838,6717.06
2022-03,West,Product E,53797.48,964,15852.85
2018-08,Central,Product D,37698.17,412,6755.22
2019-05,South,Product E,46912.11,650,5357.69
2022-10,South,Product C,24051.53,753,2890.89
2022-04,Central,Product D,49073.54,895,7639.46
2018-11,Central,Product D,43269.25,1018,7387.76
2019-01,West,Product E,62766.04,1100,8234.66
2023-04,South,Product C,47588.94,1007,14126.63
2022-09,South,Product E,32212.09,335,7892.0
2021-12,South,Product C,52609.42,592,13311.87
2021-04,West,Product B,49266.54,518,12234.28
2023-03,West,Product D,66360.85,1058,8189.08
2021-12,South,Product D,56508.21,274,15859.57
2024-09,North,Product E,75936.72,814,15383.22
2019-02,West,Product D,18549.86,972,4309.75
2023-03,West,Product E,36370.25,656,4967.0
2024-08,Central,Product A,39605.24,960,11397.56
2022-11,West,Product A,57794.22,1125,9682.26
2022-04,North,Product A,52031.04,466,10634.65
2019-10,West,Product E,70239.88,1132,7775.76
2024-05,North,Product D,18694.59,683,2220.08
2022-10,South,Product C,40157.06,653,11311.72
2021-03,Central,Product A,61132.29,999,13635.6
2024-10,North,Product E,42106.28,1077,11179.66
2019-01,East,Product E,31728.38,930,7424.65
2022-04,South,Product D,40237.51,800,4304.7
2020-09,North,Product D,59738.43,951,8548.58
2020-08,West,Product A,51967.85,817,7162.62
2020-03,West,Product A,31194.5,892,3465.86
2021-07,North,Product A,61311.25,576,13068.88
2019-11,South,Product E,43518.14,1112,5113.81
2022-01,East,Product C,47079.54,787,13761.28
2023-03,East,Product D,75492.42,1015,10452.83
2020-04,South,Product E,54970.12,906,8547.47
2021-07,West,Product B,79140.02,703,16508.95
2022-12,East,Product B,39424.44,712,6411.7
2020-04,North,Product B,64948.56,706,18646.53
2023-12,South,Product D,42821.3,713,6337.46
2022-08,West,Product E,51278.14,201,7657.45
2024-01,South,Product D,57000.06,1104,16009.72
2018-05,East,Product B,66602.75,777,9983.2
2021-11,South,Product B,67034.3,578,10345.18
2025-05,South,Product C,37458.4,423,9971.04
2025-02,Central,Product E,22690.95,854,4505.6
2022-04,North,Product E,22916.64,1074,3919.35
2021-11,West,Product C,78641.28,961,21994.18
2018-10,North,Product D,48159.37,818,10372.15
2022-07,Central,Product C,52233.65,664,12942.11
2022-12,East,Product C,35721.22,815,4804.68
2023-12,Central,Product E,21382.89,627,2353.61
2022-04,North,Product D,27426.86,825,8170.09
2018-01,North,Product A,22016.82,1005,5828.08
2024-09,East,Product E,42674.12,884,4709.4
2025-06,Central,Product A,43391.05,1008,12261.38
2020-11,Central,Product E,38116.87,352,6123.75
2020-11,West,Product E,52856.36,889,10905.03
2020-02,Central,Product B,32790.17,737,7583.77
2019-06,West,Product A,39193.78,647,7935.17
2023-03,East,Product D,65478.02,1069,9579.17
2020-11,South,Product D,56382.35,1039,9849.52
2022-02,North,Product C,33960.7,442,7986.35
2019-02,Central,Product D,43144.04,810,12142.88
2018-04,Central,Product B,27282.95,864,5469.83
2021-07,North,Product E,16158.02,667,2638.88
2024-08,East,Product B,46708.64,782,11966.42
2021-03,West,Product B,45521.05,854,12135.27
2018-06,South,Product E,20493.95,576,5800.04
2020-08,South,Product B,54584.22,477,8453.84
2024-02,West,Product C,68764.32,845,16680.11
2018-04,West,Product A,37041.76,1055,8675.87
2023-10,East,Product A,70200.05,705,10753.64
2018-03,North,Product D,47326.71,527,8812.08
2024-01,South,Product C,47052.17,989,9381.22
2025-03,North,Product D,52802.07,588,9950.57
2024-02,South,Product A,33887.7,1056,8844.44
2020-01,East,Product D,41312.0,755,6072.82
2025-01,Central,Product E,33821.94,621,5275.5
2018-02,West,Product A,41091.45,778,4432.88
2019-06,East,Product E,39629.38,1009,5927.55
2021-06,West,Product D,55165.76,785,11520.8
2022-11,East,Product C,73464.04,882,9285.35
2021-10,West,Product D,32571.01,738,4701.83
2024-09,West,Product E,28372.33,971,4424.64
2019-02,South,Product E,55447.73,903,13612.74
2019-03,West,Product D,53782.51,562,14041.89
2020-03,West,Product E,43113.65,661,7424.81
2019-10,South,Product E,54706.49,1042,9163.69
2020-10,Central,Product C,30243.02,955,8383.89
2022-04,West,Product A,42962.88,514,6363.07
2024-07,North,Product D,64676.33,904,11602.83
2019-08,East,Product E,53688.45,209,6628.16
2020-07,East,Product A,83985.69,823,24946.68
2020-08,South,Product C,26974.4,423,4479.29
2019-05,Central,Product C,40125.65,721,4811.44
2023-11,South,Product B,47059.9,467,9338.87
2023-05,West,Product E,38410.11,966,10490.28
2019-07,South,Product C,43203.41,978,10165.62
2022-06,South,Product A,61034.33,1156,11340.94
2021-02,West,Product A,49584.27,725,14310.63
2024-05,North,Product B,61421.33,548,8750.5
2022-09,West,Product B,45707.47,377,13061.91
2021-04,North,Product D,51183.92,739,13376.99
2021-12,West,Product D,60341.07,1021,14774.57
2020-03,South,Product A,52770.66,987,11228.75
2019-12,Central,Product B,68244.68,833,8564.51
2020-10,South,Product D,51996.6,773,15510.1
2019-10,Central,Product D,26117.85,974,6986.69
2019-08,South,Product C,62630.58,638,7286.03
2023-09,West,Product E,68189.12,1146,7040.44
2023-10,West,Product A,59981.25,1188,10109.61
2020-08,West,Product A,38597.16,857,6963.14
2024-06,East,Product A,32717.46,835,3874.39
2020-08,Central,Product C,69982.84,845,12373.56
2023-06,Central,Product E,29166.38,680,3470.6
2024-12,West,Product C,38064.65,763,4307.49
2019-08,East,Product A,46083.59,400,7542.08
2023-06,Central,Product D,32699.74,1027,4141.16
2018-03,West,Product C,38162.88,869,8187.03
2019-08,North,Product D,51768.27,765,12152.1
2022-09,West,Product D,71670.69,792,10500.35
2023-12,West,Product B,22901.18,839,3655.37
2024-05,West,Product A,52941.97,619,11057.94
2024-06,East,Product B,55702.98,764,11399.2
2019-07,West,Product A,62544.93,847,16385.83
2022-11,West,Product C,65160.53,949,10911.82
2022-03,Central,Product E,34604.46,1046,8136.64
2024-03,North,Product B,60183.97,772,9038.18
2019-11,South,Product D,22596.07,988,5946.24
2020-05,East,Product A,31239.56,804,7235.72
2019-05,East,Product D,36083.24,752,9982.6
2022-03,South,Product C,39364.69,1190,9039.97
2021-02,North,Product B,40257.23,882,5617.0
2024-02,South,Product A,71763.91,1161,12938.48
2022-04,North,Product A,57240.41,614,6160.06
2018-04,East,Product B,38460.35,747,4741.99
2019-12,East,Product D,37756.74,815,8048.61
2024-06,North,Product B,65930.24,833,11492.25
2021-01,North,Product B,54147.44,132,7588.99
2019-10,East,Product B,66427.41,886,17051.51
2022-05,Central,Product A,35253.17,476,7779.21
2019-12,East,Product E,55980.43,702,12516.46
2021-03,North,Product E,21029.35,974,4670.1
2021-08,South,Product C,47338.69,528,11854.83
2022-10,North,Product D,54887.61,1041,9364.96
2025-04,South,Product D,49143.55,946,9291.93
2025-01,East,Product D,46498.51,791,9098.23
2022-10,Central,Product E,71006.0,910,14533.53
2024-02,East,Product B,48327.37,639,6411.75
2024-11,South,Product D,58324.1,510,10324.56
2021-02,Central,Product E,14353.51,732,3844.29
2024-12,West,Product C,75435.84,1179,20790.62
2022-12,Central,Product E,81555.1,919,8899.05
2024-08,North,Product A,59677.54,948,14090.56
2020-12,North,Product C,66584.48,984,7283.98
2023-02,Central,Product C,38159.79,820,3847.94
2022-09,West,Product C,67213.09,654,12282.23
2024-12,West,Product A,57935.24,811,7123.18
2021-09,Central,Product E,59311.21,1008,12418.92
2021-11,West,Product E,36537.63,537,9371.36
2020-11,Central,Product B,50678.34,810,7344.89
2023-05,East,Product C,41038.65,1015,10102.65
2025-08,West,Product C,55877.66,342,6347.4
2022-01,Central,Product B,54591.81,956,10477.75
2021-02,Central,Product D,35515.03,1125,4496.27
2022-07,Central,Product B,41273.27,565,9651.5
2021-07,East,Product E,72461.48,1171,9586.04
2022-09,East,Product E,41949.15,943,8163.54
2021-12,West,Product C,63191.26,584,13489.95
2020-07,Central,Product B,33528.63,807,6307.0
2019-08,Central,Product E,52448.15,726,7161.81
2022-10,South,Product A,22398.83,793,5530.76
2021-09,East,Product B,36631.72,787,8247.13
2025-04,Central,Product C,49427.9,809,5165.85
2025-05,South,Product E,45537.77,1062,11383.17
2024-01,North,Product B,41417.09,641,5787.16
2022-07,South,Product B,80177.39,526,17473.11
2023-10,North,Product C,27662.8,818,4333.57
2024-01,West,Product A,33311.33,593,5103.28
2019-03,East,Product A,48389.68,999,10303.04
2019-06,South,Product E,35399.32,1001,9768.46
2023-03,North,Product E,22801.5,588,6437.89
2024-01,West,Product B,57129.07,839,12801.15
2023-04,Central,Product E,65065.65,659,16472.78
2025-05,South,Product D,35212.94,743,8251.86
2019-01,South,Product D,50333.06,507,8176.0
2024-10,East,Product D,37485.15,952,6787.25
2024-11,North,Product D,40580.26,1010,10268.38
2019-02,North,Product C,48144.01,891,8080.88
2025-05,East,Product B,64853.58,682,17841.07
2023-03,Central,Product E,54688.43,881,8462.47
2018-06,South,Product E,44085.09,769,10310.24
2024-03,South,Product C,44115.18,765,5974.32
2023-01,East,Product B,53744.52,686,7907.14
2022-11,East,Product D,64210.44,659,16736.38
2018-01,Central,Product D,72110.7,1066,11640.77
2018-07,East,Product A,67875.61,783,11992.22
2021-05,East,Product C,66450.51,1084,11984.92
2021-01,North,Product C,37097.11,1258,9858.25
2018-03,West,Product C,57095.76,987,13669.0
2020-07,North,Product D,41423.81,866,7520.72
2024-06,South,Product C,65977.58,1090,10167.93
2018-03,Central,Product A,48671.31,826,5413.83
2024-07,West,Product A,44454.54,726,8558.33
2020-07,Central,Product A,47278.26,778,10998.31
2022-08,Central,Product D,70989.25,723,9877.62
2019-04,South,Product B,37362.54,880,5805.17
2018-02,West,Product E,68295.66,959,11085.37
2025-05,Central,Product E,46574.92,923,5167.33
2024-01,Central,Product B,39279.79,904,4873.55
2019-06,North,Product A,34465.66,1021,5115.91
2020-03,East,Product C,71833.71,961,8772.38
2022-12,South,Product B,68792.64,710,11574.29
2021-07,Central,Product B,54672.01,886,12810.61
2020-06,South,Product B,54160.38,795,10650.44
2018-07,South,Product A,46396.58,983,12646.99
2020-05,Central,Product B,28682.7,696,7565.75
2019-08,East,Product A,29912.57,831,5552.7
2022-09,West,Product C,36518.49,399,10791.19
2020-05,East,Product A,68378.88,826,11478.39
2019-06,South,Product A,66885.39,560,17983.01
2022-08,East,Product C,48614.88,541,12035.88
2019-04,West,Product C,73548.0,813,21105.27
2021-07,North,Product A,51307.31,1297,14144.56
2023-08,East,Product B,42313.92,620,8491.09
2023-10,North,Product D,38114.47,867,6872.02
2024-11,South,Product E,39810.43,635,11701.21
2024-07,West,Product E,50505.88,1176,13425.98
2024-08,Central,Product B,59359.25,1060,13453.93
2021-05,North,Product C,58091.81,978,16545.4
2018-01,Central,Product D,28971.38,1064,3757.63
2020-06,West,Product E,35479.31,737,4943.6
2023-03,South,Product C,67749.86,1134,16206.85
2019-03,East,Product D,47750.89,513,12424.2
2018-02,West,Product B,45080.87,960,10673.98
2019-10,South,Product A,56761.64,941,9767.48
2021-02,North,Product E,28567.14,844,5964.67
2025-04,Central,Product A,49894.33,756,6219.3
2018-09,West,Product A,52599.57,608,11377.96
2022-10,East,Product E,65050.74,824,13712.61
2019-05,South,Product B,33539.48,504,8450.76
2018-04,South,Product C,59271.64,1101,16369.58
2018-09,Central,Product C,27009.49,760,6719.45
2022-04,South,Product A,33591.29,975,7552.94
2022-05,East,Product B,51587.94,964,8246.15
2024-04,North,Product C,67266.94,756,11613.71
2022-04,West,Product E,25043.7,1009,5232.11
2019-12,Central,Product A,48133.59,686,11299.42
2022-10,Central,Product D,44168.83,1270,10262.22
2024-06,East,Product B,40183.97,613,10034.81
2021-09,West,Product C,48688.47,909,9495.23
2018-12,South,Product D,83963.87,936,19826.76
2020-02,Central,Product D,40574.96,779,4236.72
2025-03,Central,Product A,52722.7,1042,6887.11
2022-11,East,Product D,61752.29,888,11341.32
2024-11,South,Product D,41429.39,839,11578.66
2019-10,South,Product D,55426.79,1016,9154.56
2023-11,East,Product D,58064.45,885,7917.87
2023-04,East,Product B,62347.91,936,7720.0
2018-03,Central,Product A,75005.94,824,20049.55
2021-02,South,Product E,58829.79,783,14345.59
2018-12,West,Product B,44493.94,659,9187.74
2018-12,West,Product B,44042.07,579,9840.71
2018-04,South,Product E,37485.3,916,6210.46
2018-11,North,Product D,97280.85,575,16235.06
2022-05,West,Product B,41133.25,952,10484.2
2024-04,Central,Product B,56652.86,459,9597.02
2021-03,West,Product A,67748.41,628,7272.29
2021-08,West,Product B,74650.67,872,14706.45
2018-10,Central,Product E,44861.34,446,8751.42
2019-06,West,Product A,67895.58,770,8340.8
2024-02,North,Product D,52469.12,791,10139.69
2019-11,South,Product A,67663.17,757,10317.39
2020-09,Central,Product B,65009.94,864,11002.24
2019-06,Central,Product D,42452.65,517,12678.61
2023-06,South,Product B,54207.99,1003,13019.3
2023-08,South,Product C,32864.9,1001,4610.71
2022-06,North,Product D,63104.43,793,14013.76
2020-06,Central,Product C,63986.52,716,13555.14
2024-04,South,Product C,53379.98,1134,14526.48
2024-04,South,Product E,66000.78,735,11165.47
2019-11,West,Product A,64429.81,752,14801.88
2024-02,West,Product E,36261.54,572,9754.14
2018-07,West,Product C,36285.78,684,9118.26
2023-05,West,Product C,54718.28,827,16366.36
2025-01,Central,Product E,67540.91,761,9536.85
2019-04,Central,Product D,55976.66,887,9156.71
2021-08,West,Product B,51192.57,813,6007.0
2018-12,Central,Product D,67093.33,722,8503.35
2024-05,South,Product E,33520.69,1084,9641.77
2023-08,Central,Product A,58413.39,549,16632.22
2022-03,South,Product C,59740.47,962,6736.27
2024-11,East,Product B,70266.09,977,20751.23
2024-04,South,Product D,71705.16,1065,19367.62
2021-07,East,Product A,67190.45,644,12010.36
2021-05,Central,Product B,37390.89,949,4176.25
2023-09,South,Product B,71873.07,567,8886.94
2025-07,East,Product B,66567.42,679,7688.31
2022-11,North,Product D,46354.08,800,11048.22
2020-07,East,Product C,63369.56,800,15427.47
2024-08,North,Product E,48038.94,1020,9368.64
2020-06,West,Product C,42278.26,848,11524.71
2022-01,West,Product E,64852.49,756,9131.16
2025-03,Central,Product D,22070.75,822,4279.11
2024-05,East,Product E,45539.36,750,7266.8
2022-04,East,Product E,47057.18,665,12428.22
2022-07,South,Product B,44193.19,770,8398.8
2018-10,East,Product D,52938.83,1173,6613.62
2024-06,Central,Product E,60131.14,773,11509.82
2019-07,West,Product B,47601.26,987,9858.63
2018-10,North,Product A,49009.18,1099,14167.29
2024-08,West,Product D,64591.62,823,9853.08
2019-09,South,Product A,39862.79,485,11949.21
2018-03,South,Product E,34304.59,370,8438.94
2022-07,West,Product D,77352.37,752,13813.73
2024-05,North,Product A,45193.06,804,6847.94
2023-03,West,Product C,54866.88,439,11339.05
2020-12,Central,Product D,87673.09,791,12752.25
2022-03,Central,Product B,53977.98,670,6837.14
2020-06,East,Product C,49064.46,764,9948.96
2020-03,East,Product E,41151.62,939,5961.91
2018-01,South,Product C,6433.03,918,1887.41
2020-03,West,Product B,62854.09,871,9354.54
2023-12,South,Product D,48624.41,622,8698.71
2024-01,East,Product C,62042.06,1379,14767.54
2021-03,West,Product A,41846.11,647,5184.99
2021-02,West,Product A,29621.39,584,5871.08
2018-05,West,Product B,72834.46,815,14894.6
2019-05,West,Product A,61398.84,1105,7227.61
2020-10,South,Product E,37635.75,936,10098.59
2024-06,South,Product E,27739.15,758,3516.09
2024-02,East,Product C,49560.48,646,7137.6
2019-01,South,Product D,53837.44,702,8303.27
2024-11,Central,Product B,50067.49,751,6401.82
2018-04,East,Product C,40549.63,946,4606.74
2022-06,East,Product D,37150.24,771,9262.32
2019-01,East,Product A,41646.07,667,9458.92
2018-02,North,Product E,24182.36,616,5771.74
2025-06,East,Product C,43014.57,442,10555.94
2024-12,Central,Product A,52413.27,615,10812.64
2024-02,North,Product A,56331.63,1111,8727.64
2018-03,Central,Product B,64117.73,838,13712.28
2020-10,East,Product C,22871.21,709,6539.56
2023-03,West,Product A,48842.71,671,10295.84
2021-03,North,Product E,56063.19,943,6797.26
2023-10,South,Product D,54611.05,635,14573.78
2021-01,North,Product D,62119.35,676,9340.35
2019-06,Central,Product E,23866.67,690,4990.18
2021-06,East,Product D,42494.21,887,5135.96
2020-11,South,Product D,80948.71,859,12419.86
2023-09,West,Product E,55705.87,683,12735.52
2022-10,Central,Product C,45661.58,506,12779.88
2022-11,Central,Product D,66833.05,873,16178.3
2019-07,North,Product E,46657.76,848,8741.41
2018-03,Central,Product D,23908.97,589,2494.4
2020-12,East,Product B,50590.19,1009,10514.57
2020-04,North,Product A,57872.09,1099,8248.67
2018-02,South,Product D,68053.05,868,18487.71
2020-10,West,Product E,60120.93,768,10079.04
2022-01,East,Product B,65584.05,906,16390.05
2025-06,West,Product B,38578.55,725,8915.58
2018-01,Central,Product C,23282.62,353,2686.67
2022-06,East,Product B,43005.44,497,11515.48
2018-11,North,Product E,32070.25,1047,4837.86
2023-03,Central,Product D,86963.19,865,19686.38
2018-09,South,Product B,30894.24,867,4252.48
2021-01,North,Product E,69014.77,857,11411.44
2024-01,North,Product C,61206.09,1079,13229.77
2025-03,Central,Product E,54804.53,932,8591.14
2022-10,South,Product A,59415.57,1071,6861.45
2021-06,West,Product A,78008.36,1048,19992.95
2024-10,South,Product D,49504.39,1212,14359.31
2024-12,North,Product A,52992.28,783,5653.47
2018-03,East,Product D,49654.66,673,5110.93
2024-02,East,Product D,39900.66,671,10004.85
2022-06,North,Product B,72003.1,907,11656.76
2021-07,Central,Product C,25020.36,741,6899.35
2020-09,Central,Product B,49261.93,897,14243.74
2020-04,Central,Product A,38386.31,788,10120.99
2020-12,North,Product A,85977.48,1334,10441.49
2022-03,East,Product E,42684.42,1014,9867.11
2019-10,South,Product E,46088.45,552,9314.66
2024-01,North,Product E,79168.91,730,11499.72
2022-10,East,Product D,36460.94,653,9896.21
2024-10,West,Product D,27345.43,788,3162.78
2018-05,North,Product B,51982.8,777,12865.03
2020-09,West,Product D,44412.71,922,4474.16
2024-06,North,Product B,48809.17,739,10999.18
2022-09,North,Product D,62282.06,831,8437.37
2025-05,North,Product E,62787.03,554,18402.23
2021-01,West,Product B,44082.91,863,13025.95
2018-09,South,Product A,41053.83,740,6336.39
2018-03,South,Product A,43854.74,751,7888.87
2018-03,West,Product A,58027.52,855,7401.23
2025-03,North,Product B,53142.05,603,15185.48
2024-10,Central,Product E,76641.31,707,18882.47
2021-07,North,Product B,40796.19,839,7029.51
2022-07,East,Product E,51469.45,732,13988.7
2023-10,East,Product D,63897.23,845,11641.34
2023-06,East,Product B,33617.88,749,3990.84
2021-10,West,Product E,39001.02,666,9641.33
2020-06,South,Product A,64095.11,1048,10811.28
2023-12,East,Product C,50837.96,738,9714.07
2022-02,South,Product E,74821.32,682,14106.72
2024-11,North,Product B,42646.68,587,8019.11
2023-09,North,Product B,72582.23,923,7681.67
2019-11,North,Product C,45684.16,826,12898.72
2024-05,North,Product B,34028.66,766,5383.33
2018-06,South,Product B,59559.87,1123,11821.05
2024-02,North,Product E,60335.05,696,11622.94
2020-02,West,Product C,61717.79,853,11806.72
2022-02,North,Product E,30197.15,765,4846.01
2018-09,West,Product B,45147.36,783,12236.43
2021-12,North,Product C,57203.91,588,8528.58
2023-08,Central,Product A,65488.35,1112,18238.1
2024-05,North,Product B,48972.09,730,7058.83
2019-10,West,Product C,34444.01,933,5090.81
2019-03,West,Product B,46942.65,929,5667.26
2020-08,East,Product B,45897.59,1012,13588.08
2024-06,North,Product A,54672.44,622,15297.61
2021-02,Central,Product A,50957.8,572,5474.02
2020-04,Central,Product A,40874.74,918,10669.28
2020-06,Central,Product A,20343.94,1016,5960.48
2021-03,Central,Product C,60842.4,822,14187.81
2019-09,South,Product E,62841.44,915,14671.36
2020-01,South,Product A,48678.14,1117,6322.14
2018-01,East,Product E,54364.21,991,7145.67
2020-11,West,Product E,26437.82,914,2809.51
2022-06,East,Product D,50024.29,882,9554.21
2020-09,South,Product D,36976.09,819,6788.69
2021-03,North,Product D,55876.65,667,6718.22
2024-05,West,Product C,54347.36,918,6485.17
2023-09,North,Product B,53917.65,1004,6762.47
2019-04,East,Product B,65441.2,959,7928.81
2022-01,North,Product A,48289.76,523,8320.2
2022-10,Central,Product D,70043.98,875,11780.93
2024-10,North,Product B,60197.31,827,14761.12
2019-07,East,Product C,59523.56,1278,12588.53
2024-02,South,Product E,53294.68,737,7147.22
2024-08,East,Product B,43060.63,753,6876.72
2019-09,South,Product C,29068.27,658,4322.26
2025-04,East,Product D,45000.58,836,10476.43
2021-02,East,Product D,39869.4,1031,8482.11
2023-10,Central,Product B,34006.75,1275,8966.22
2022-06,South,Product C,49567.96,534,5769.1
2019-12,Central,Product C,60203.23,760,12580.36
2019-06,Central,Product B,4283.34,715,460.93
2022-06,South,Product C,46735.73,766,8257.15
2018-11,North,Product D,41362.37,868,9001.5
2021-07,Central,Product E,53716.81,1120,6204.12
2018-02,West,Product D,60283.85,771,13713.4
2025-06,East,Product C,55742.02,795,13828.24
2018-11,Central,Product B,50708.42,544,10013.64
2018-09,East,Product C,67723.52,1268,7453.96
2024-06,West,Product C,39842.15,883,10646.45
2022-12,West,Product D,28822.22,752,6147.89
2019-09,South,Product B,52204.03,695,5789.52
2021-07,South,Product C,52768.18,996,8777.01
2019-03,Central,Product A,35035.37,799,6232.9
2020-06,North,Product C,46668.35,725,5530.35
2019-12,South,Product C,35667.7,873,10134.11
2024-04,North,Product C,53015.22,715,9569.53
2020-10,East,Product B,37668.86,556,6797.42
2019-12,South,Product E,34010.16,960,9738.19
2022-01,South,Product B,55714.29,711,13451.97
2025-08,West,Product E,42226.21,1065,9108.73
2020-04,Central,Product C,13764.99,804,4052.63
2024-11,West,Product C,22420.81,529,5227.77
2023-11,South,Product B,50033.58,1153,9157.7
2021-05,Central,Product B,64339.06,827,10129.09
2020-03,South,Product D,82175.55,978,19122.09
2024-06,North,Product B,79063.31,268,10919.85
2024-10,East,Product B,60823.71,742,17527.93
2018-02,North,Product B,68529.39,765,20032.69
2023-12,Central,Product D,66065.36,865,13757.5
2019-07,East,Product A,36242.67,933,7747.32
2023-09,North,Product A,46248.37,694,11512.12
2023-11,Central,Product D,33845.37,1007,7933.71
2021-10,South,Product C,34052.4,882,7257.27
2021-01,East,Product D,56586.03,351,14811.95
2019-05,North,Product D,36263.92,1027,6108.2
2024-05,Central,Product B,46684.36,813,10439.58
2019-01,North,Product D,39968.72,755,5542.38
2023-07,East,Product D,44675.81,900,13214.38
2023-02,West,Product E,62120.54,630,8302.24
2022-08,West,Product E,35283.44,633,8081.59
2020-07,East,Product D,52981.6,835,9686.43
2022-08,North,Product B,41668.33,804,8910.61
2023-02,South,Product A,60000.59,787,14083.46
2020-12,North,Product D,47211.13,480,9021.72
2020-04,West,Product C,50919.91,1261,5704.14
2021-06,West,Product E,57627.28,762,16276.34
2025-07,North,Product E,59176.36,1127,17134.75
2022-06,Central,Product E,42961.31,805,6415.47
2023-11,East,Product E,61132.92,695,11331.48
2018-08,North,Product D,62420.88,1014,18609.45
2020-03,West,Product B,75978.87,376,19698.06
2019-08,North,Product C,43489.82,804,7947.62
2025-06,West,Product D,45422.17,1009,6351.44
2021-06,West,Product A,62375.28,930,9598.53
2021-07,West,Product C,64001.28,447,7717.34
2023-09,South,Product A,59142.89,488,14448.01
2018-10,North,Product D,52856.38,662,12324.6
2019-11,North,Product B,51267.0,586,7883.45
2023-04,East,Product D,51296.45,715,10661.39
2024-03,North,Product C,68068.92,836,20377.78
2023-02,North,Product E,42504.19,779,7202.66
2021-08,West,Product A,49707.43,931,11952.9
2021-09,West,Product C,60591.93,1038,16043.49
2023-10,East,Product A,56003.54,840,11392.6
2022-06,West,Product E,61953.58,1079,10653.41
2023-04,East,Product B,68851.65,794,9139.03
2018-12,Central,Product B,34975.0,957,6216.28
2019-09,Central,Product D,46135.69,786,6659.96
2024-09,Central,Product A,51354.75,747,8080.84
2025-08,North,Product E,56540.09,968,6245.79
2024-08,North,Product D,55482.43,998,13839.94
2019-03,North,Product C,61162.22,1077,11886.25
2019-04,Central,Product E,43626.51,1011,11706.0
2023-06,North,Product C,48135.71,757,11257.17
2020-05,East,Product B,31667.36,883,8264.97
2021-01,Central,Product D,56111.88,803,13426.03
2023-05,East,Product B,62877.28,967,10277.78
2024-12,North,Product D,56597.39,449,5677.86
2020-12,Central,Product B,38508.19,574,5266.48
2025-02,Central,Product D,70529.44,600,14953.88
2025-05,South,Product D,31138.74,763,7079.84
2021-10,West,Product E,65606.46,408,18129.81
2023-06,West,Product B,36230.36,1146,7033.77
2020-09,Central,Product B,38913.61,542,5270.58
2023-07,East,Product A,37303.49,985,4606.99
2020-04,West,Product E,48183.08,981,10125.1
2025-03,West,Product C,11164.04,1212,1693.35
2023-10,West,Product D,61400.34,721,15523.18
2021-01,North,Product B,37335.07,928,6505.79
2025-06,East,Product E,67727.89,928,17164.56
2021-10,West,Product B,59003.19,991,12459.95
2021-03,East,Product D,55978.46,626,11471.92
2022-10,North,Product E,48470.08,631,12179.14
2018-03,East,Product C,49919.13,621,7618.46
2025-08,South,Product A,43986.27,963,5967.45
2024-12,South,Product C,37734.76,573,4792.15
2018-11,North,Product B,67003.6,696,11900.62
2023-01,Central,Product D,67866.29,636,8849.49
2020-06,North,Product D,29962.06,944,6323.77
2024-08,North,Product A,92613.3,1126,16686.73
2021-06,West,Product E,38361.88,815,9898.37
2019-02,West,Product B,54154.92,1071,13439.99
2018-01,Central,Product B,27220.95,617,2857.44
2023-11,West,Product C,44224.45,426,11657.24
2024-01,West,Product E,38183.9,652,6409.07
2018-09,North,Product B,54260.85,851,9930.9
2024-11,Central,Product A,70995.44,873,7345.02
2020-09,South,Product D,32928.79,744,7668.79
2024-05,North,Product E,52627.62,606,14334.12
2018-10,North,Product B,42233.64,843,12609.55
2022-09,Central,Product A,50722.87,597,11030.68
2022-08,West,Product A,43689.33,715,12365.54
2018-09,West,Product E,38423.89,700,5103.18
2020-07,South,Product A,83360.67,1127,17007.5
2024-07,South,Product D,34192.47,885,6358.65
2021-06,Central,Product E,61997.09,460,7914.34
2018-01,Central,Product A,26880.32,935,4838.62
2025-03,North,Product B,56119.35,871,11791.18
2023-01,South,Product D,25519.78,619,4937.5
2020-04,Central,Product C,77868.93,1031,13474.87
2023-01,East,Product A,42666.71,1117,7114.28
2022-11,South,Product E,65772.39,913,13268.71
2018-01,West,Product D,47644.45,1170,9722.55
2021-07,South,Product B,42134.6,907,6012.92
2024-04,North,Product E,61432.28,709,10905.76
2021-08,South,Product E,44000.27,593,9848.33
2021-07,West,Product D,30039.42,364,6602.73
2024-06,West,Product B,20341.63,563,4840.59
2022-03,North,Product E,28834.15,960,8128.85
2023-11,South,Product A,21608.57,862,3858.59
2023-06,South,Product A,50059.62,918,5836.1
2025-01,South,Product C,29987.59,743,4144.92
2021-04,South,Product D,51001.43,640,13815.83
2021-11,East,Product D,35303.57,720,7131.22
2021-05,East,Product E,47336.06,931,9388.99
2022-06,South,Product B,52059.88,1081,10220.28
2019-07,West,Product C,60318.99,677,16304.09
2023-02,Central,Product D,39535.75,609,5319.59
2018-08,West,Product C,36057.0,814,9462.65
2021-12,East,Product E,80213.46,927,14153.46
2024-01,Central,Product B,40570.19,744,7522.62
2019-07,East,Product A,20311.91,746,5144.21
2018-10,Central,Product B,64280.45,1269,6488.63
2019-03,North,Product A,39987.27,950,11263.34
2018-03,Central,Product D,54506.69,964,9959.95
2022-01,East,Product A,14235.4,949,4138.81
2019-03,South,Product D,71108.45,558,13806.65
2021-10,North,Product D,73719.08,718,19578.68
2022-06,North,Product C,52481.05,523,15060.19
2021-10,North,Product B,65794.55,784,7109.51
2018-08,Central,Product D,41596.52,1023,9932.22
2022-06,West,Product B,34223.74,347,8253.12
2023-05,East,Product A,56624.43,716,14346.01
2022-09,Central,Product C,32819.46,960,3383.67
2021-05,South,Product B,61253.77,630,9919.84
2022-03,North,Product E,47593.71,1300,5140.78
2023-08,North,Product D,61372.67,532,11712.54
2024-03,West,Product B,43777.63,928,9550.67
2018-11,North,Product B,47410.56,927,11658.46
2022-01,North,Product A,65821.67,792,13523.13
2019-07,North,Product B,48284.98,997,10196.94
2025-06,South,Product A,50472.37,938,11882.14
2019-02,Central,Product C,29107.86,679,8292.8
2025-03,North,Product D,59663.04,682,6661.68
2023-03,North,Product A,47379.97,805,7181.01
2024-07,Central,Product D,60062.13,1300,9405.74
2018-10,North,Product C,38692.07,876,6629.68
2023-03,Central,Product E,28346.64,937,3214.46
2022-10,North,Product B,57413.39,805,14054.67
2021-01,East,Product B,36910.5,896,9505.76
2024-04,West,Product A,54050.88,723,10722.27
2025-02,East,Product B,51629.35,765,5883.68
2022-09,South,Product C,54787.5,839,11550.59
2020-06,South,Product C,54917.17,990,12840.22
2019-01,South,Product C,44264.34,1221,9486.98
2020-10,North,Product C,62639.87,854,12598.84
2025-01,North,Product D,31808.16,944,4965.43
2023-04,East,Product C,67200.23,619,10586.97
2024-12,South,Product B,49979.95,1024,9381.32
2022-05,East,Product D,57296.75,746,15101.71
2022-03,East,Product E,44136.15,848,8615.88
2020-04,South,Product D,25390.48,608,7522.93
2023-01,East,Product E,7029.35,422,1365.62
2018-02,North,Product A,87461.23,809,18539.87
2025-05,South,Product A,56766.32,706,11827.38
2021-05,Central,Product C,24385.26,749,6019.79
2021-11,South,Product B,48732.17,424,9148.11
2024-11,West,Product B,55894.0,898,6746.55
2023-09,North,Product A,44001.5,650,12277.17
2019-12,Central,Product A,83373.3,1097,14059.64
2021-07,North,Product E,38294.61,991,10627.58
2020-04,West,Product A,64605.89,859,15013.14
2019-03,South,Product D,22950.24,853,2511.04
2025-07,South,Product A,55426.43,863,15678.37
2022-02,East,Product B,28178.17,675,8352.77
2025-06,Central,Product E,40100.35,1016,10562.44
2023-10,Central,Product E,43280.58,557,8525.05
2021-11,South,Product E,53141.02,687,9901.07
2019-01,North,Product A,69399.49,1189,7683.59
2022-11,West,Product A,69550.05,822,18870.49
2021-12,North,Product A,54334.55,780,11382.07
2023-05,North,Product A,49321.19,553,8523.89
2018-02,North,Product A,25154.29,697,6981.58
2024-04,West,Product D,63048.07,602,12357.66
2024-09,South,Product E,50441.46,903,8103.73
2019-08,Central,Product B,59396.52,784,8861.96
2019-05,North,Product D,44140.45,836,6124.83
2024-02,Central,Product B,45044.93,756,9695.1
2020-08,North,Product C,50437.86,939,8597.73
2024-02,West,Product C,50441.53,568,13414.38
2019-05,Central,Product C,45057.44,460,8748.22
2021-07,East,Product C,45727.45,778,9111.61
2024-08,Central,Product B,53358.79,693,7214.99
2020-02,South,Product D,78690.9,365,21240.25
2019-05,Central,Product E,50720.75,1032,6144.32
2018-02,South,Product D,40164.69,458,6413.0
2024-09,East,Product D,62331.83,576,14758.64
2022-06,South,Product E,77513.03,919,12796.13
2020-09,East,Product A,69535.17,622,8067.32
2021-12,West,Product E,54704.61,933,8204.62
2022-02,North,Product D,21429.88,1088,3701.42
2022-11,West,Product C,28151.18,1173,5330.08
2024-04,North,Product E,66288.48,574,18082.9
2023-07,Central,Product A,53647.02,705,7470.18
2023-09,West,Product B,35829.38,882,7554.99
2024-07,North,Product D,66235.31,548,15443.22
2019-06,North,Product C,45828.86,542,12076.5
2018-01,East,Product C,40142.98,660,6259.1
2023-01,Central,Product B,45970.59,1100,11525.84
2020-09,East,Product E,40277.16,901,10742.52
2025-01,South,Product A,79388.16,708,15833.82
2020-05,West,Product C,29136.59,703,4411.84
2022-01,North,Product A,66051.48,833,17628.2
2022-03,North,Product A,50563.13,1018,9083.67
2024-05,West,Product B,52073.02,574,5290.7
2022-11,South,Product D,47244.0,580,9414.05
2019-01,North,Product B,57586.03,782,12660.61
2022-12,Central,Product E,41981.07,645,5984.21
2022-05,North,Product E,52571.99,286,15472.11
2023-09,South,Product B,48264.55,921,7982.4
2025-06,North,Product A,41617.19,672,8272.24
2025-06,South,Product D,74273.39,864,19072.35
2025-06,North,Product B,75101.63,888,12840.06
2018-03,South,Product A,60966.63,704,11309.38
2019-09,East,Product A,50016.65,491,13408.89
2025-01,West,Product B,42071.94,968,11568.92
2019-07,West,Product B,26368.93,750,7603.83
2024-12,East,Product C,50332.95,1355,13646.16
2024-09,Central,Product E,57129.15,1192,8375.64
2025-06,East,Product E,55069.33,681,11017.23
2018-12,East,Product A,60287.87,369,7814.52
2018-10,West,Product C,49686.42,952,11233.58
2019-07,Central,Product A,67855.56,1003,13424.95
2021-09,South,Product E,38043.3,808,5265.32
2022-07,Central,Product C,51665.6,827,9034.31
2020-01,South,Product E,36435.96,690,9375.16
2020-09,South,Product E,34619.99,911,7788.08
2021-02,North,Product C,59608.44,732,15982.26
2019-10,East,Product D,42902.41,829,12238.17
2025-07,North,Product E,52994.16,1018,6965.93
2020-09,North,Product B,34962.26,728,6335.93
2020-05,East,Product D,50515.58,684,14006.64
2023-09,East,Product B,41706.56,830,4369.88
2025-05,Central,Product A,25491.16,715,3388.88
2024-09,West,Product A,62938.15,461,7203.01
2025-02,East,Product E,57648.56,903,7953.8
2024-05,Central,Product A,44678.47,821,10021.06
2023-09,Central,Product A,67000.02,557,7121.38
2025-01,South,Product B,44553.03,970,11314.44
2021-11,East,Product B,89630.18,919,22395.27
2020-05,Central,Product E,53989.55,771,7261.02
2020-11,East,Product E,23394.52,798,3132.04
2022-12,North,Product E,58646.77,498,16843.28
2021-05,East,Product C,63562.73,598,7627.34
2024-06,East,Product D,41016.61,1021,4155.19
2024-11,North,Product E,39786.96,424,6202.54
2024-02,Central,Product C,38100.59,886,8685.22
2022-03,South,Product D,55976.72,849,7161.89
2021-12,East,Product A,51082.3,947,10496.97
2023-08,East,Product A,60593.46,845,8587.93
2020-04,West,Product E,54135.41,733,16129.5
2022-02,North,Product B,58013.12,654,9312.73
2023-05,West,Product A,69752.83,754,19381.78
2021-02,North,Product B,37306.8,976,10309.49
2023-10,South,Product D,60276.28,824,16475.81
2023-11,North,Product B,37757.68,508,4553.17
2021-11,Central,Product A,56832.63,756,8295.36
2024-02,East,Product E,50426.95,804,10269.13
2023-06,West,Product A,29306.58,979,4651.73
2019-11,East,Product E,50954.74,725,10689.62
2022-12,North,Product D,59851.11,831,8420.01
2020-04,North,Product D,41097.56,638,10690.82
2023-09,North,Product B,39239.12,731,4763.56
2025-08,West,Product B,47621.93,616,6952.02
2022-11,West,Product B,20908.92,978,3684.77
2021-03,South,Product E,46098.46,539,8227.49
2021-12,West,Product B,81176.21,872,11485.94
2025-02,North,Product A,24062.26,1190,2729.82
2018-02,Central,Product C,30832.28,949,8241.79
2024-11,East,Product E,23060.13,483,3373.0
2024-08,South,Product E,21801.08,1087,3813.66
2024-02,South,Product B,70570.81,898,17630.82
2021-04,East,Product A,84378.67,1173,19470.85
2022-04,West,Product A,82396.09,427,22870.15
2020-07,Central,Product C,42851.73,539,6998.57
2023-02,North,Product A,44724.39,762,10803.48
2020-11,West,Product E,49277.05,846,9022.03
2020-11,South,Product A,39128.47,624,10197.92
2021-08,North,Product C,33255.52,595,8720.18
2025-08,East,Product C,40528.96,810,4071.92
2024-01,Central,Product B,76505.37,587,18546.0
2020-08,West,Product C,65468.26,512,7932.14
2021-04,North,Product D,58061.18,928,12735.41
2024-07,North,Product C,89568.23,860,15393.89
2024-08,South,Product A,43175.45,725,12126.96
2021-09,West,Product B,47632.44,861,13815.42
2018-07,South,Product C,61952.49,645,13461.78
2019-12,West,Product D,59661.16,830,8758.32
2022-05,East,Product C,34036.85,446,3528.75
2024-05,Central,Product E,45048.28,1117,7295.38
2023-04,South,Product E,46378.54,1093,11985.98
2020-05,North,Product E,36062.95,573,4448.76
2018-03,East,Product D,65471.46,591,16177.17
2024-10,South,Product C,20789.86,995,5224.65
2018-02,East,Product B,47223.54,1042,10735.73
2020-11,West,Product B,40529.1,967,9912.96
2024-02,East,Product D,32683.26,1251,8139.08
2020-10,Central,Product D,52082.48,490,13604.95
2024-10,East,Product B,55235.62,854,14924.71
2018-03,South,Product B,40136.18,809,7681.57
2020-02,East,Product D,61608.53,923,9504.82
2023-05,West,Product C,35378.88,769,8532.55
2023-03,West,Product E,40414.02,1047,5522.16
2018-05,North,Product D,20121.69,543,5787.22
2022-08,North,Product B,18843.2,752,3576.9
2025-03,South,Product C,73603.99,684,17457.05
2025-03,North,Product B,70853.83,1157,12324.85
2022-09,East,Product A,60914.21,969,16970.27
2020-12,East,Product A,66693.01,746,9733.21
2019-10,Central,Product D,55364.92,812,11430.69
2018-03,West,Product B,46153.96,532,10013.16
2025-06,South,Product D,42272.44,774,11000.74
2023-11,South,Product C,29890.66,736,6735.31
2022-02,South,Product C,49795.72,723,8276.21
2023-06,North,Product D,55191.73,1038,14282.44
2019-11,Central,Product E,54951.71,637,8608.7
2020-06,Central,Product C,61064.39,658,13538.85
2018-05,Central,Product D,43433.94,836,7785.51
2018-09,Central,Product C,40222.89,727,9681.88
2022-03,South,Product A,40434.48,869,6513.45
2022-11,North,Product C,69538.86,827,8388.43
2021-12,East,Product D,66467.08,799,8324.27
2019-04,East,Product E,28941.87,149,7073.26
2024-09,East,Product C,33139.61,912,4906.73
2022-09,North,Product A,43404.5,680,12466.86
2018-10,West,Product A,39398.53,872,5757.97
2024-08,Central,Product E,59582.76,1160,14104.34
2020-11,North,Product B,46684.33,616,11867.52
2024-09,North,Product A,37254.19,703,5021.94
2022-08,Central,Product E,18932.3,998,3811.26
2024-11,South,Product D,54639.7,832,14253.36
2020-10,Central,Product C,34973.79,704,7565.89
2022-11,East,Product C,28500.14,824,5425.68
2020-08,Central,Product C,67775.29,545,16678.33
2023-02,Central,Product C,56578.69,525,15991.47
2022-04,West,Product D,30969.62,1157,8422.84
2021-04,North,Product A,33815.78,671,6747.52
2022-11,South,Product D,69581.04,484,16644.22
2022-06,South,Product C,52181.41,659,10651.85
2021-12,South,Product C,32266.73,880,4683.6
2018-07,East,Product B,44825.94,854,12580.86
2021-06,Central,Product D,57517.57,802,13726.1
2025-08,Central,Product E,58683.93,892,13118.14
2021-04,South,Product B,57256.68,910,8691.97
2025-02,Central,Product D,71853.69,895,21457.73
2024-08,East,Product C,50733.69,802,11566.84
2022-10,South,Product C,26308.46,636,7192.42
2025-07,South,Product D,42038.51,589,8773.77
2021-01,Central,Product C,68133.16,1004,14425.46
2021-04,Central,Product E,71276.04,732,13720.02
2023-12,East,Product A,72126.69,761,19064.2
2021-08,Central,Product C,59271.32,876,7089.54
2022-05,East,Product D,52381.34,1031,7305.25
2023-10,East,Product C,48896.24,995,10051.18
2023-04,North,Product D,64696.51,1064,18993.11
2024-09,East,Product A,79216.55,750,17549.79
2024-10,East,Product B,32881.46,722,4779.89
2021-03,East,Product B,62865.28,453,7124.93
2022-01,West,Product D,34192.68,1005,6635.92
2018-07,Central,Product C,39178.15,909,4423.49
2020-12,East,Product E,61512.19,799,13327.64
2025-06,Central,Product D,46339.46,1025,5250.01
2021-02,East,Product A,61011.02,953,17757.17
2018-08,East,Product A,53492.91,572,8062.91
2020-02,East,Product B,39408.07,729,11710.96
2020-08,North,Product E,55736.5,537,6287.56
2021-04,West,Product E,44043.27,791,10048.12
2024-07,East,Product E,50940.63,669,7743.61
2021-08,North,Product A,59884.03,1016,7365.87
2022-07,Central,Product A,53327.03,876,7442.58
2025-04,North,Product E,62497.37,673,18694.26
2022-05,East,Product C,43291.73,454,5810.64
2022-11,Central,Product B,72570.82,824,9516.18
2020-05,Central,Product E,47097.91,612,7691.11
2025-07,West,Product E,50457.15,620,7382.72
2024-04,West,Product D,51342.83,813,14798.4
2020-03,North,Product D,37864.12,432,4841.28
2023-05,North,Product C,23668.43,660,3695.28
2024-02,Central,Product C,61618.71,835,9710.3
2025-01,East,Product B,67013.71,769,7350.01
2021-12,Central,Product A,24148.28,775,4136.49
2024-05,East,Product D,32605.69,748,6041.22
2020-02,South,Product A,14667.11,930,3291.05
2020-01,Central,Product C,71514.65,856,14894.15
2021-11,West,Product E,62801.63,1047,16541.42
2020-06,East,Product D,71185.71,812,12438.28
2018-12,Central,Product D,41442.89,762,5528.94
2021-06,West,Product B,71085.7,896,18883.39
2022-05,West,Product A,62175.58,866,12252.08
2018-07,Central,Product B,20216.93,773,2838.79
2025-08,North,Product D,40431.23,624,12123.84
2023-10,East,Product E,42689.64,594,4794.41
2020-02,South,Product C,40000.81,736,4149.26
2019-05,South,Product A,52711.1,1083,8535.85
2020-04,East,Product D,75015.26,1017,7631.59
2024-03,Central,Product A,54353.91,369,12559.92
2020-02,Central,Product B,49519.29,806,9423.99
2023-04,East,Product A,31764.39,791,5524.74
2025-03,Central,Product E,68028.98,801,7080.48
2020-10,Central,Product A,43666.85,941,10364.38
2019-10,Central,Product A,55986.08,807,14668.55
2023-07,East,Product B,65172.66,802,11185.52
2019-12,Central,Product E,81599.91,1167,16261.21
2021-01,North,Product D,76088.13,587,19295.44
2022-10,West,Product D,22694.03,1037,4306.93
2023-04,West,Product B,20531.96,503,2199.43
2018-08,South,Product C,36981.16,911,5563.62
2021-10,East,Product D,51020.32,494,10672.46
2023-07,South,Product C,54400.15,1165,7004.94
2019-08,Central,Product E,74048.47,618,13574.45
2019-10,Central,Product B,43370.66,804,11195.73
2018-02,East,Product D,86618.33,887,25342.28
2023-12,West,Product D,61111.35,825,16235.8
2022-09,North,Product D,75399.88,806,15128.52
2021-04,Central,Product B,77375.0,810,20627.12
2019-07,North,Product D,60540.89,870,12056.32
2024-09,Central,Product B,42101.67,535,11499.88
2018-12,East,Product A,33310.67,928,7710.21
2018-11,Central,Product C,37079.55,969,7076.02
2023-12,North,Product D,34637.1,771,6415.59
2025-08,East,Product B,70448.49,922,13818.1
2021-11,East,Product B,38518.74,925,9839.96
2020-04,East,Product B,42248.99,542,10474.44
2025-02,Central,Product D,37327.92,633,8140.33
2019-09,North,Product E,46000.8,604,6165.51
2025-01,East,Product D,77702.99,863,13041.12
2018-05,North,Product D,66454.68,695,10892.21
2022-05,Central,Product E,33673.83,1312,6706.61
2020-11,Central,Product C,60717.96,860,6773.55
2022-04,West,Product B,0.0,815,0.0
2024-11,West,Product D,52545.44,570,13165.96
2019-08,Central,Product A,43555.48,539,11722.91
2024-06,West,Product A,42436.86,749,10689.24
2018-07,East,Product E,28108.92,987,8252.9
2025-03,South,Product C,60275.71,341,16177.17
2022-05,East,Product D,60042.15,1024,9712.25
2024-05,Central,Product E,51451.16,681,13929.17
2020-01,South,Product D,53450.83,824,12370.64
2020-08,Central,Product B,49123.55,965,5197.24
2018-09,West,Product E,51774.67,661,11618.54
2023-11,East,Product B,56955.17,909,15083.78
2024-03,Central,Product C,78031.17,706,17750.41
2024-05,West,Product B,33108.29,502,4729.85
2025-05,North,Product A,64929.36,684,15449.31
2018-06,West,Product A,40537.32,740,6262.75
2020-10,East,Product D,61777.78,444,7105.6
2022-07,West,Product A,43226.66,608,4500.0
2022-02,East,Product C,55774.03,952,6822.08
2020-02,South,Product B,46271.82,846,13647.21
2018-12,North,Product E,64703.94,1313,6964.77
2021-01,North,Product A,54657.09,574,11954.71
2018-06,North,Product D,47188.2,614,11580.97
2018-06,South,Product D,26428.7,613,5086.79
2022-12,North,Product C,64664.67,682,9908.68
2022-03,Central,Product E,56911.96,495,8816.17
2025-03,South,Product E,28525.12,862,4797.26
2019-03,East,Product A,55784.85,826,14226.93
2025-01,North,Product C,78813.12,906,17460.4
2022-06,Central,Product D,57766.15,622,13233.05
2024-05,West,Product E,60978.47,1050,13871.94
2018-11,West,Product D,62696.11,901,14899.52
2019-05,East,Product A,70768.55,1019,14984.95
2020-04,West,Product E,50795.89,973,12444.08
2024-07,South,Product A,14162.29,957,1873.95
2023-09,North,Product A,46699.73,774,5639.22
2019-11,South,Product C,46066.84,839,9522.21
2024-11,South,Product C,66448.14,397,8166.91
2018-07,Central,Product B,35639.48,636,7558.08
2023-01,West,Product B,41481.24,863,11167.74
2019-01,West,Product B,22443.67,456,4116.41
2018-09,East,Product B,9243.9,940,2757.82
2018-08,South,Product C,48884.82,763,10515.61
2024-09,Central,Product B,51884.56,852,8256.27
2021-03,Central,Product D,38574.02,912,10219.66
2019-01,West,Product C,42959.03,1106,8739.16
2023-04,South,Product D,61809.09,986,8708.96
2025-03,Central,Product B,44301.65,1119,10930.3
2024-05,Central,Product D,58221.0,532,10863.73
2019-06,Central,Product B,51860.63,1179,14231.66
2022-12,North,Product C,51273.94,1071,13039.69
2023-10,West,Product C,46986.19,751,7996.32
2019-12,North,Product E,41489.54,927,10101.9
2022-02,Central,Product D,19020.46,1224,3141.76
2021-12,West,Product C,60846.2,1211,9134.01
2021-03,Central,Product A,54743.64,913,11879.29
2025-06,West,Product A,62199.21,631,12698.78
2022-04,South,Product D,79701.13,928,13117.23
2020-05,East,Product B,50826.45,942,11140.63
2024-02,South,Product E,41129.08,1111,7034.16
2018-02,South,Product A,57255.83,573,15096.25
2023-08,Central,Product D,74589.56,1015,13452.88
2024-01,South,Product C,33158.86,666,6608.89
2021-06,North,Product C,41878.53,645,6580.18
2018-07,Central,Product D,58892.99,1063,12972.47
2021-01,South,Product C,44068.3,717,10329.12
2018-09,East,Product E,56550.99,880,6710.2
2018-12,West,Product C,10407.27,833,2865.83
2020-12,East,Product A,50032.19,637,11877.17
2019-07,East,Product D,54976.77,487,14252.02
2022-03,East,Product C,63093.99,1285,9670.77
2022-06,East,Product C,103334.26,849,19599.76
2025-07,North,Product A,34179.43,786,9761.2
2021-12,East,Product B,43119.62,878,9703.17
2020-03,Central,Product D,68745.66,588,16480.2
2025-02,West,Product E,45404.63,490,6255.57
2021-01,Central,Product A,44863.57,1032,10919.57
2020-05,East,Product B,40084.62,697,10220.44
2025-03,Central,Product C,65324.53,1087,17124.44
2024-11,East,Product E,48604.59,846,6995.36
2023-12,Central,Product E,29975.23,973,8972.62
2024-08,Central,Product D,51315.73,835,6036.03
2018-10,North,Product D,68332.97,1121,13220.48
2019-01,South,Product A,59286.45,817,16626.83
2023-10,East,Product D,45928.92,707,9140.37
2020-03,East,Product E,58195.99,668,11563.9
2019-10,North,Product C,37315.01,543,9050.92
2018-01,North,Product B,36267.84,825,9466.04
2024-09,East,Product E,36854.09,936,10206.19
2023-06,Central,Product B,38157.22,786,11274.46
2018-07,South,Product A,75919.46,706,13460.42
2018-05,Central,Product D,79722.86,711,16606.37
2025-05,North,Product C,58586.68,879,13488.97
2019-04,East,Product C,62687.77,731,8797.04
2020-04,Central,Product B,89221.98,880,12127.21
2022-01,South,Product C,51799.04,601,12528.09
2019-12,West,Product D,99145.99,908,25888.62
2020-08,South,Product D,40547.86,914,4460.79
2024-05,West,Product B,79019.38,961,22482.96
2023-03,North,Product C,60076.14,456,10524.6
2025-06,West,Product C,31549.2,1052,3599.8
2025-03,North,Product C,28956.4,975,7321.59
2022-06,North,Product D,43575.23,797,10344.13
2025-07,East,Product D,46068.23,776,10103.96
2024-04,North,Product A,59475.56,737,13577.0
2018-02,Central,Product E,57791.46,543,10116.35
2019-01,North,Product E,39788.34,818,6153.9
2022-12,East,Product A,57661.68,481,13797.72
2022-06,South,Product D,50536.66,765,10740.38
2022-05,West,Product A,81669.45,627,10557.79
2025-07,West,Product E,39661.94,519,10877.46
2024-09,North,Product B,48569.88,1146,12756.22
2018-09,East,Product E,50398.58,978,8669.99
2019-10,Central,Product A,44595.85,924,5404.62
2021-11,East,Product D,68432.85,892,19150.94
2025-03,North,Product D,46034.66,645,9219.37
2025-04,Central,Product E,57378.64,585,11065.73
2021-03,South,Product C,75885.41,824,16039.81
2018-12,North,Product E,40152.99,826,11712.99
2021-12,South,Product A,32341.6,893,6270.62
2021-12,South,Product A,39414.97,637,7809.27
2021-11,East,Product E,41518.31,364,12280.53
2018-02,Central,Product A,47209.88,917,12696.71
2021-12,North,Product C,74520.0,999,16432.05
2021-12,East,Product E,42065.02,584,7133.96
2021-08,South,Product D,49505.15,696,14400.53
2021-11,North,Product C,30981.52,583,8876.47
2018-05,Central,Product A,50177.94,603,12013.51
2025-01,South,Product D,53125.73,706,10986.7
2023-02,East,Product D,49563.03,753,13315.23
2023-05,East,Product B,59706.94,597,10179.27
2019-06,North,Product B,24365.36,601,2505.74
2024-05,South,Product B,42305.98,897,7670.65
2019-10,Central,Product B,27625.17,741,6778.46
2025-03,South,Product E,31799.45,652,5714.37
2018-09,West,Product E,49160.39,488,8438.77
2024-07,South,Product D,28193.02,793,6976.24
2021-09,Central,Product D,56808.22,790,15341.26
2023-02,South,Product A,47882.19,954,7457.71
2021-12,North,Product E,66930.6,393,17441.66
2021-12,North,Product C,57125.86,973,9081.48
2021-09,South,Product C,68969.85,885,17817.6
2025-04,North,Product B,50263.36,618,6657.24
2020-11,North,Product E,30305.47,878,4772.08
2018-08,West,Product B,57152.94,845,9983.23
2022-05,West,Product B,47802.61,854,8607.87
2020-12,East,Product C,60679.36,606,15566.1
2024-11,Central,Product C,33535.84,727,6024.04
2018-02,West,Product C,18974.36,817,3826.41
2024-09,West,Product A,49333.36,909,9005.01
2021-11,East,Product A,19206.88,563,5172.61
2025-01,South,Product C,50808.31,987,6244.4
2018-01,North,Product E,80968.26,815,22859.25
2019-02,West,Product A,49998.95,1024,6408.91
2025-02,North,Product A,37422.49,651,7340.15
2018-06,Central,Product C,38432.98,693,9365.81
2019-02,Central,Product E,72814.78,820,11077.07
2023-09,South,Product D,42501.91,908,5832.67
2022-12,West,Product D,60850.38,701,9901.27
2018-06,East,Product B,51183.1,1155,11485.1
2018-03,West,Product D,56673.44,970,8675.23
2021-06,Central,Product A,47068.37,909,5709.22
2021-08,East,Product D,58140.97,834,5836.56
2018-09,West,Product A,37691.35,1063,9954.26
2018-06,Central,Product D,47413.86,453,12542.26
2020-10,North,Product E,70430.97,727,13591.06
2021-04,West,Product E,36459.13,758,10252.23
2018-09,South,Product D,51033.4,942,12946.15
2020-12,Central,Product C,51322.03,771,11132.53
2020-08,Central,Product A,90654.97,903,25850.3
2018-05,East,Product D,61302.05,656,18041.0
2024-06,North,Product D,23562.16,672,3564.9
2019-01,West,Product B,34975.67,817,9291.45
2023-12,East,Product B,54880.83,892,5731.28
2025-06,West,Product B,69503.73,519,17393.63
2019-04,East,Product E,48177.2,1091,9988.32
2019-04,North,Product B,63370.16,759,8397.4
2019-10,Central,Product D,62313.84,617,16338.88
2022-03,South,Product D,58014.21,991,14967.37
2024-09,North,Product C,50937.89,983,12590.85
2021-10,Central,Product B,21357.93,937,2797.64
2020-09,North,Product D,29439.48,1038,3147.1
2019-01,East,Product D,59911.65,616,12938.28
2025-02,South,Product D,71305.7,635,15042.75
2024-09,South,Product E,60611.82,613,10545.78
2020-07,West,Product E,59463.91,953,15389.98
2024-05,South,Product E,64031.86,901,6935.88
2020-12,North,Product C,60597.18,770,10223.13
2023-07,South,Product A,35001.57,1238,10069.73
2019-10,West,Product A,61180.58,751,9845.62
2024-05,Central,Product A,73894.46,1093,15250.5
2019-04,West,Product B,46704.56,736,4699.62
2025-03,South,Product A,61760.84,874,15430.54
2024-09,West,Product E,34024.38,757,9619.85
2022-02,South,Product A,80812.91,829,14338.32
2024-12,South,Product D,21876.23,681,5351.93
2019-11,Central,Product A,57177.95,511,12243.97
2018-06,South,Product B,59452.32,1100,8056.65
2021-10,Central,Product B,30198.84,752,5951.26
2025-02,East,Product D,77080.16,973,14474.25
2019-05,East,Product C,32087.2,597,3423.18
2021-10,North,Product C,45020.08,398,11873.94
2019-05,North,Product A,48020.34,915,6887.46
2022-07,West,Product B,55832.28,565,10905.43
2020-07,North,Product A,42248.8,769,10671.79
2019-10,West,Product A,46818.65,908,9393.78
2018-11,Central,Product E,51402.04,883,12842.66
2018-08,West,Product B,58821.27,472,8261.77
2020-03,South,Product E,40176.86,597,10204.86
2018-08,Central,Product A,44235.12,699,9361.34
2023-12,East,Product C,45525.04,626,4784.2
2022-03,West,Product A,47380.28,1072,13302.18
2019-08,West,Product B,34059.9,691,8999.99
2024-11,North,Product E,28341.12,888,3673.77
2019-01,West,Product E,56609.11,853,14926.72
2021-09,Central,Product B,28767.14,995,8532.02
2022-07,West,Product B,40034.27,782,11838.09
2024-08,North,Product D,49381.28,1231,5254.8
2024-06,North,Product B,29959.13,1014,5081.25
2024-01,East,Product D,70081.67,447,17111.37
2022-01,West,Product A,85170.05,941,16842.88
2019-11,North,Product D,39069.06,630,7906.81
2023-07,South,Product A,85288.78,485,13387.88
2019-03,East,Product A,53572.57,631,6366.68
2021-04,West,Product C,36934.81,1189,5176.54
2022-08,North,Product D,49426.64,587,11123.14
2025-04,West,Product B,57083.96,751,15615.68
2019-01,Central,Product D,60170.3,933,12266.08
2020-01,West,Product D,30218.34,783,5907.61
2021-12,West,Product D,28378.97,711,4153.49
2019-05,North,Product A,70277.2,761,18666.46
2024-11,East,Product A,22820.16,609,4555.59
2025-02,North,Product B,11273.64,633,3067.26
2019-03,South,Product B,12183.7,543,2305.85
2021-03,South,Product D,56922.99,741,9484.34
2020-11,East,Product D,49428.51,751,6797.52
2019-09,North,Product D,41225.96,850,7922.98
2022-05,Central,Product E,32361.3,954,7873.85
2021-07,East,Product D,46496.98,1025,13595.51
2023-12,East,Product E,53375.87,812,8873.35
2023-12,South,Product E,30923.26,801,7454.86
2024-07,South,Product C,57342.57,731,15688.52
2020-05,South,Product A,65070.08,1122,11917.38
2019-08,West,Product E,62945.91,718,12258.84
2018-06,West,Product E,46411.94,669,8531.21
2020-01,East,Product D,50712.12,444,8483.23
2019-07,North,Product A,56605.31,695,16802.32
2023-06,South,Product E,59906.31,770,6131.59
2022-08,East,Product C,36120.93,583,7328.79
2021-09,North,Product C,14058.77,664,2277.93
2023-02,West,Product C,55354.55,789,6516.7
2020-03,West,Product B,41399.33,821,9138.71
2025-08,South,Product B,59957.62,760,15935.89
2024-05,North,Product A,37895.58,902,11031.54
2024-06,East,Product C,67103.76,563,13206.54
2020-12,North,Product D,42981.64,670,10646.41
2018-11,East,Product B,63185.21,610,17793.4
2021-08,Central,Product B,24738.86,662,6989.72
2021-12,North,Product E,54217.88,1166,10603.68
2020-09,Central,Product E,42586.98,503,6240.95
2024-07,West,Product E,62268.55,497,10633.01
2020-06,South,Product C,57008.78,691,8551.96
2018-06,West,Product D,39136.26,483,9701.91
2021-05,North,Product B,45060.31,890,4578.42
2020-07,South,Product D,40299.59,620,10197.03
2020-01,West,Product A,37877.17,750,8588.87
2020-06,East,Product C,67418.12,712,11680.23
2021-02,West,Product E,61355.48,749,12310.71
2019-03,West,Product C,76277.9,1041,8436.73
2018-04,South,Product C,60231.17,930,14552.14
2025-02,North,Product C,48937.45,818,6170.58
2025-01,Central,Product D,26813.94,884,5347.45
2019-06,Central,Product D,83097.03,815,16663.28
2021-02,West,Product A,44023.32,710,12969.07
2024-10,West,Product C,33834.19,868,8754.38
2019-08,Central,Product E,47010.03,716,6520.7
2021-09,South,Product D,47689.4,642,10103.49
2020-11,East,Product D,38146.29,931,6049.28
2022-11,East,Product B,27911.89,621,7756.42
2024-08,North,Product C,39515.35,1093,7373.31
2020-12,Central,Product B,58783.07,886,17315.81
2018-08,East,Product C,58471.39,828,6411.64
2025-02,South,Product D,25464.82,746,4432.51
2021-05,Central,Product A,31629.17,326,3292.55
2023-12,East,Product A,80142.37,591,21487.03
2022-09,East,Product C,63132.4,783,10438.83
2019-07,East,Product D,63459.32,970,9548.52
2021-07,Central,Product A,52571.15,917,8641.08
2021-06,East,Product D,56562.38,1059,13698.61
2025-07,South,Product B,25255.81,947,2702.7
2023-08,East,Product A,39210.04,810,9932.35
2025-01,North,Product E,34938.81,988,4343.5
2020-02,North,Product E,80001.62,643,15906.33
2022-08,North,Product D,44386.63,897,12794.52
2019-03,East,Product D,20879.95,498,5279.48
2018-03,West,Product C,62472.48,959,18155.89
2022-04,Central,Product D,51498.8,899,13590.72
2018-12,East,Product D,42158.4,617,6919.87
2023-03,Central,Product A,37620.62,701,7037.99
2019-07,East,Product C,50986.83,1132,6167.6
2020-10,North,Product D,22046.66,957,2243.61
2022-10,Central,Product A,61818.97,892,11548.66
2019-10,South,Product B,42844.91,962,7320.19
2019-09,East,Product D,44926.15,1042,13395.19
2024-01,South,Product A,46130.9,1201,6098.93
2021-02,East,Product D,49240.64,1011,10469.49
2020-11,South,Product A,44279.82,799,7392.27
2020-06,West,Product D,49148.17,621,6818.82
2018-09,North,Product E,58209.6,754,10679.69
2024-06,Central,Product C,44209.66,616,7865.33
2022-04,North,Product D,43048.74,586,6808.1
2018-08,West,Product B,66271.16,600,7363.77
2018-12,South,Product E,66182.57,568,17837.12
2022-06,East,Product A,40516.16,900,7451.24
2018-01,North,Product B,53507.98,1032,9442.71
2022-04,West,Product D,23919.64,863,5887.28
2025-06,South,Product B,51427.9,1151,12467.34
2020-03,North,Product B,62255.55,596,7460.64
2024-01,East,Product E,43987.56,1116,10603.5
2021-08,North,Product A,43489.52,1132,6939.6
2023-02,North,Product E,40447.32,948,9912.93
2018-02,South,Product C,53216.43,765,13937.1
2018-12,West,Product D,47369.25,780,8231.63
2019-07,South,Product C,38201.42,866,8060.64
2025-07,North,Product B,61679.41,575,9018.63
2023-01,West,Product B,60375.78,708,8036.51
2020-03,North,Product A,29037.73,1075,7853.92
2019-11,East,Product B,31867.12,686,8133.46
2018-11,West,Product C,12779.76,762,2840.47
2018-08,Central,Product C,50934.75,538,7757.29
2021-06,South,Product B,35701.79,999,8943.11
2020-02,Central,Product E,38327.28,1042,9274.4
2025-01,Central,Product A,35187.16,948,9115.49
2023-11,North,Product A,73442.84,795,7376.36
2021-12,Central,Product D,40994.92,918,11962.68
2023-04,Central,Product C,33939.61,519,7937.33
2021-10,North,Product D,7913.88,876,1387.87
2021-04,East,Product A,42575.53,596,7735.87
2022-12,Central,Product A,33660.35,1153,6904.99
2018-11,South,Product B,55529.25,427,14177.63
2018-11,South,Product A,59578.15,1139,16559.57
2023-12,West,Product B,39742.27,798,11562.12
2018-09,South,Product A,51219.16,1035,7467.16
2019-09,East,Product E,50693.63,461,14867.52
2018-07,Central,Product D,48497.76,705,12600.43
2023-09,West,Product B,49114.76,1170,13332.97
2024-03,Central,Product E,76496.86,896,9706.4
2024-07,East,Product B,34821.86,779,8168.64
2024-02,West,Product A,41474.73,682,9504.01
2022-08,South,Product B,36901.48,965,9841.92
2023-10,West,Product E,39505.99,758,7010.66
2024-08,West,Product C,45239.76,827,7098.49
2023-06,Central,Product B,43456.05,1009,9666.44
2020-09,North,Product A,33396.51,796,9723.93
2019-07,North,Product B,59198.98,1027,13127.47
2018-05,North,Product D,58805.88,840,7687.32
2022-07,East,Product E,33002.47,915,9175.45
2024-10,East,Product D,39425.22,811,4585.07
2021-08,South,Product B,49837.39,744,9114.74
2020-11,South,Product A,65329.44,842,17816.95
2022-07,East,Product C,56577.08,785,6292.28
2018-06,West,Product B,47839.76,798,7107.09
2018-09,East,Product B,42811.95,1010,12037.66
2024-03,West,Product D,29926.83,840,3187.95
2024-11,West,Product A,74255.67,645,15698.63
2023-06,South,Product E,23197.83,1378,3961.75
2023-02,South,Product B,77600.55,979,10780.57
2024-09,East,Product C,44803.28,945,10791.18
2020-12,North,Product E,45127.13,971,7219.31
2021-04,West,Product C,26451.94,890,6884.76
2025-07,North,Product D,67272.19,866,16886.41
2019-03,Central,Product C,53107.4,983,15056.14
2024-09,South,Product C,45073.39,772,13059.17
2025-03,East,Product C,57348.65,732,10268.32
2018-10,Central,Product D,51625.9,783,5483.31
2019-11,South,Product D,49481.54,981,9503.69
2018-02,West,Product A,36516.78,784,8813.83
2021-08,North,Product C,73880.37,682,19190.75
2025-08,West,Product D,45187.59,903,5624.4
2020-10,North,Product A,48322.29,709,8759.12
2018-08,North,Product B,53863.36,1126,14713.77
2024-02,West,Product A,64427.1,964,7589.2
2019-10,Central,Product B,34901.32,654,7343.46
2019-09,West,Product D,43231.72,773,6919.04
2019-08,South,Product D,74652.86,864,10704.37
2023-03,West,Product C,33953.31,491,7592.22
2025-03,West,Product E,51966.79,976,9877.74
2018-07,North,Product D,48510.28,745,9416.28
2022-03,West,Product E,59286.25,724,15018.66
2022-09,East,Product E,52450.02,1092,8311.13
2021-12,East,Product B,31609.29,742,8317.73
2022-09,Central,Product E,71522.85,541,7649.37
2018-06,North,Product A,50290.32,986,9158.04
2020-10,East,Product C,35659.63,375,5391.63
2025-06,South,Product B,34592.41,869,4565.94
2019-10,North,Product E,57524.16,658,10740.28
2019-07,Central,Product C,63113.72,834,6461.64
2024-02,North,Product E,52621.77,679,9649.25
2023-05,West,Product B,80619.74,1070,14065.16
2018-11,Central,Product A,76454.29,972,22786.31
2021-12,South,Product A,60509.79,902,10306.45
2018-04,Central,Product A,54356.02,538,13474.97
2018-05,South,Product B,41810.57,530,9252.33
2025-02,South,Product E,50687.12,813,7383.4
2020-04,Central,Product D,64534.26,1053,7020.96
2019-11,Central,Product C,60775.54,775,9552.95
2023-01,South,Product B,53117.91,826,9704.61
2022-10,Central,Product C,26464.34,634,6126.99
2020-05,East,Product E,50668.28,526,10428.58
2018-11,South,Product C,50024.93,720,10888.5
2024-11,West,Product C,39116.24,584,11443.5
2025-07,North,Product C,58273.9,860,16336.99
2023-11,Central,Product A,66232.79,711,11919.68
2020-06,East,Product A,19875.14,913,2984.82
2020-12,West,Product C,66520.52,515,18380.21
2021-03,Central,Product B,60983.66,1034,9096.79
2020-03,Central,Product E,61011.6,492,16067.35
2023-02,South,Product B,38933.67,409,9399.53
2019-10,Central,Product E,27051.14,772,7320.82
2024-05,North,Product A,55673.18,630,7950.71
2018-04,West,Product B,62884.99,1065,9839.82
2025-05,South,Product A,56561.37,649,6424.54
2020-08,Central,Product B,52594.55,763,12951.03
2022-04,Central,Product C,51973.89,914,11216.72
2023-01,Central,Product A,47819.76,869,9014.88
2018-03,North,Product C,63156.67,578,17983.09
2019-05,West,Product B,31785.87,773,6931.3
2022-11,East,Product B,50509.58,1037,12314.41
2024-03,West,Product C,45904.68,739,12510.62
2023-05,South,Product A,48601.45,890,11213.67
2022-12,East,Product B,44134.63,1095,11108.3
2019-10,East,Product C,41558.05,1120,12312.63
2020-02,South,Product B,45391.31,1073,12868.66
2022-01,East,Product E,60674.15,880,10720.67
2022-11,North,Product B,74016.11,978,11580.95
2025-04,Central,Product D,30306.6,1204,8975.87
2023-06,East,Product E,57096.24,595,12699.11
2019-10,West,Product B,33278.39,1036,6958.43
2021-03,South,Product A,67551.16,745,14729.58
2018-05,North,Product A,35823.37,749,6567.92
2019-12,North,Product A,24490.59,653,6982.48
2018-12,Central,Product C,34465.94,976,9939.32
2022-04,South,Product E,38290.18,747,8988.33
2023-08,Central,Product E,20759.82,683,5431.47
2024-10,North,Product A,62640.98,858,11604.01
2021-12,West,Product E,62635.91,1213,15099.72
2023-11,North,Product C,67478.2,723,10355.14
2025-03,North,Product E,78733.29,620,13609.69
2020-04,West,Product B,33234.05,838,7023.81
2023-04,North,Product A,54727.52,767,12952.21
2024-05,South,Product C,36551.22,914,8113.41
2023-11,West,Product E,55486.45,1032,9866.86
2024-03,West,Product C,32777.16,961,7037.81
2024-12,Central,Product B,47875.06,860,8767.87
2021-07,South,Product A,40227.09,813,7229.61
2024-06,Central,Product A,65709.58,807,11239.85
2022-10,North,Product B,31057.03,554,3366.86
2018-02,South,Product C,32358.77,725,5683.18
2023-11,West,Product E,61384.73,889,14558.67
2021-09,South,Product B,72985.71,884,8912.71
2022-08,North,Product A,65932.51,735,18543.57
2021-03,West,Product B,36002.38,777,4126.29
2018-12,North,Product D,54936.79,256,15877.29
2018-06,South,Product A,75787.17,907,20340.85
2019-02,North,Product E,53661.48,854,6678.59
2019-09,North,Product A,58581.5,723,10919.88
2018-04,East,Product E,65514.79,455,9016.76
2021-11,Central,Product B,76685.17,832,13286.91
2018-03,East,Product B,59879.48,846,14129.6
2019-02,East,Product D,43448.78,800,7433.74
2023-09,East,Product B,36113.23,1153,3933.14
2020-12,East,Product E,48912.91,837,9582.44
2023-09,West,Product D,39615.0,707,9513.18
2023-10,Central,Product A,68864.2,693,11726.77
2025-02,East,Product E,52956.78,837,14097.51
2023-02,North,Product C,37272.06,477,8942.01
2025-03,North,Product A,48661.95,1122,8203.35
2019-04,South,Product B,56554.75,960,14343.26
2022-10,North,Product A,74962.88,704,11537.71
2024-02,West,Product A,65788.21,431,7552.0
2018-02,Central,Product D,40505.16,779,5415.71
2020-03,Central,Product A,61583.45,713,18457.93
2022-10,North,Product E,48966.35,767,11710.82
2024-09,East,Product C,43828.12,690,12319.99
2022-02,South,Product C,59986.4,1256,8617.28
2023-06,South,Product B,59467.17,646,9303.38
2020-01,South,Product D,36591.08,1039,8441.48
2022-09,Central,Product E,37424.57,557,7217.45
2019-08,East,Product C,35311.22,797,5971.7
2019-03,South,Product E,69946.92,464,18973.35
2019-05,West,Product B,30033.41,717,5422.55
2022-07,South,Product B,73583.13,821,9776.23
2023-01,West,Product C,53672.59,1055,8206.24
2018-11,South,Product D,74680.78,646,20972.88
2019-07,West,Product E,72433.58,1055,17587.66
2023-03,East,Product D,22834.65,683,6781.61
2018-01,North,Product E,43058.95,738,8898.89
2021-09,West,Product E,42882.64,531,8644.23
2019-06,South,Product A,37999.46,806,10005.83
2021-07,East,Product A,29845.63,948,3296.06
2019-03,West,Product A,71498.19,813,20941.96
2020-10,East,Product B,44430.65,582,6391.49
2019-01,North,Product A,64927.51,987,15148.09
2019-12,West,Product A,62378.99,1047,9087.82
2024-01,Central,Product A,48118.09,532,13203.89
2018-11,South,Product B,45728.16,600,6192.83
2021-04,Central,Product D,63349.41,1306,8366.99
2020-11,West,Product C,65526.9,638,12241.28
2022-04,South,Product E,28317.23,872,7116.81
2023-01,West,Product C,71160.38,738,18756.66
2021-01,South,Product B,47074.08,1093,14113.66
2024-02,South,Product E,47025.88,827,6326.46
2018-08,South,Product A,54963.01,949,16291.48
2021-04,East,Product D,57810.03,359,16812.67
2022-04,South,Product E,70876.74,399,18327.49
2023-02,North,Product E,58075.0,970,11376.67
2020-09,East,Product D,60478.76,976,14532.93
2025-06,West,Product C,13068.2,404,1393.74
2019-11,West,Product C,45153.86,1067,10249.15
2024-09,West,Product B,34494.62,784,9311.22
2020-09,North,Product D,57976.96,443,10412.17
2025-01,East,Product A,18242.42,797,2903.51
2018-03,West,Product D,69435.74,849,16551.83
2018-10,Central,Product E,46962.78,633,13687.93
2019-07,West,Product D,10388.22,633,1061.73
2024-04,Central,Product E,59003.44,869,13166.93
2019-06,West,Product C,59553.62,704,15758.23
2025-03,Central,Product A,44782.28,1133,7375.91
2021-11,South,Product C,61314.1,916,14544.6
2019-01,East,Product E,44158.95,1071,5241.07
2020-02,West,Product C,58380.43,719,16633.9
2021-04,East,Product E,37396.22,720,4909.18
2021-12,Central,Product C,51616.4,750,13752.94
2023-08,Central,Product B,50225.45,924,14201.9
2025-07,Central,Product E,53863.91,590,15061.62
2025-01,West,Product D,45978.16,711,11511.08
2023-06,North,Product D,46433.71,1035,8370.47
2024-01,Central,Product D,23626.87,749,3032.88
2023-12,West,Product C,46394.52,625,10107.25
2023-10,East,Product E,45583.64,789,4869.21
2018-11,Central,Product B,55683.26,766,9098.03
2024-12,East,Product E,43375.89,846,5261.6
2023-09,East,Product E,48556.82,851,13459.21
2019-06,North,Product A,40168.91,838,10738.84
2018-02,South,Product E,49196.22,883,5514.37
2023-06,East,Product C,64297.3,661,16105.73
2025-03,South,Product B,40679.67,1222,10513.98
2024-06,East,Product C,53140.23,790,13906.38
2023-03,South,Product C,68642.4,945,17154.1
2022-07,East,Product D,34599.59,765,7365.85
2020-02,Central,Product C,77720.6,998,22236.83
2019-06,East,Product D,69183.14,390,15731.66
2018-06,South,Product E,33360.97,746,9726.85
2019-11,West,Product D,53113.13,530,5565.85
2021-04,South,Product A,42280.36,828,6012.59
2018-02,East,Product E,26029.17,723,6483.62
2018-06,East,Product E,67460.65,630,18380.37
2023-09,North,Product C,55582.5,914,12888.46
2019-09,South,Product D,77011.19,667,12156.72
2023-02,North,Product C,30657.5,739,3746.67
2021-11,West,Product A,39346.67,557,9859.73
2018-10,East,Product D,40586.9,389,8888.27
2019-07,South,Product C,56263.78,511,12138.29
2019-12,South,Product D,33659.49,651,9281.6
2021-02,East,Product C,58568.36,1078,7058.48
2023-07,North,Product E,31702.67,1245,8081.33
2019-09,North,Product C,47005.93,812,4840.77
2019-05,North,Product A,61449.32,772,7041.07
2020-03,North,Product D,33769.73,732,5921.99
2020-09,East,Product D,56872.83,1047,9974.3
2018-05,West,Product A,41911.95,739,4821.2
2023-03,North,Product B,45443.2,544,8106.67
2022-07,North,Product D,50968.38,1041,11252.26
2021-01,North,Product C,64989.27,1010,14480.18
2022-04,North,Product E,28600.26,899,8244.08
2024-05,West,Product D,70480.48,755,9326.2
2021-09,South,Product C,65405.91,670,8247.08
2020-04,Central,Product A,22612.91,1000,3313.22
2020-07,South,Product C,66976.67,813,13284.32
2022-02,South,Product B,45527.71,661,5238.17
2025-05,South,Product A,72451.35,784,14280.1
2018-08,West,Product A,59845.88,708,10240.15
2025-05,East,Product D,42796.4,760,4561.3
2023-08,Central,Product A,37618.34,878,10381.95
2022-08,North,Product A,32524.19,922,5690.11
2020-06,North,Product D,69572.52,827,20617.5
2024-07,South,Product C,52807.76,745,9203.52
2023-05,South,Product B,58875.82,1032,12597.37
2020-02,South,Product A,52806.61,877,8762.86
2019-02,North,Product A,34604.7,1117,6836.6
2019-03,East,Product D,56886.82,531,14564.93
2020-06,East,Product A,21755.25,495,6476.06
2023-07,South,Product A,7876.29,768,2291.0
2023-09,East,Product C,54214.28,796,15058.42
2023-04,North,Product D,51856.81,820,14076.01
2019-04,Central,Product C,36409.99,339,10245.58
2024-10,North,Product E,53883.31,586,7554.16
2023-08,East,Product B,43803.18,828,5287.95
2021-11,South,Product D,58211.83,613,15494.09
2021-03,East,Product E,30838.45,1031,5188.27
2020-09,East,Product B,43968.86,872,11343.51
2021-05,West,Product A,53886.14,498,15681.17
2020-07,West,Product B,58587.07,930,7561.15
2018-08,South,Product C,67685.75,511,7448.32
2023-12,West,Product B,43134.73,1009,6742.42
2025-07,Central,Product E,25351.98,538,3979.25
2024-08,North,Product B,52228.22,739,10730.8
2024-08,South,Product B,46477.05,720,9774.03
2022-08,North,Product D,45468.54,1117,13263.32
2023-12,North,Product B,41068.57,876,7243.22
2018-12,North,Product E,26786.45,840,6663.06
2020-11,North,Product C,45974.43,871,13535.26
2024-10,North,Product C,64811.8,1022,13565.18
2018-05,North,Product E,57283.34,476,10795.9
2025-03,South,Product C,33657.54,906,3789.95
2018-10,North,Product D,49663.86,922,8260.99
2023-02,Central,Product B,50487.05,581,6600.42
2020-07,North,Product B,68470.69,857,7429.41
2022-08,South,Product D,54427.93,878,5610.6
2023-01,South,Product C,43668.06,691,8459.2
2018-03,Central,Product C,39167.91,996,5834.52
2018-01,East,Product D,45724.68,1117,6512.67
2023-01,Central,Product B,57529.13,1187,10366.04
2019-03,South,Product B,37577.29,937,6714.58
2020-02,North,Product E,58875.77,913,8326.03
2020-10,South,Product D,73341.57,849,19656.67
2023-02,West,Product E,31962.74,1099,9476.84
2021-07,Central,Product E,47402.09,649,8286.65
2021-01,North,Product C,71876.49,816,13407.01
2024-08,South,Product E,78441.85,527,8699.82
2024-06,East,Product C,46571.52,790,10168.14
2020-07,Central,Product A,58166.9,581,6441.37
2024-08,Central,Product D,77128.85,979,18836.96
2024-07,West,Product D,54801.94,950,12239.88
2020-08,South,Product E,40520.87,995,7861.21
2019-08,West,Product A,34783.09,813,10377.29
2020-02,South,Product C,70860.33,879,11250.31
2024-11,South,Product E,75942.01,622,19506.25
2019-02,West,Product B,58158.07,741,7337.96
2019-02,North,Product C,49115.8,809,6107.57
2020-05,North,Product C,50699.56,695,9002.67
2022-05,East,Product E,46822.53,652,12566.78
2022-06,East,Product C,37521.11,665,9493.32
2019-12,Central,Product C,49075.34,482,8744.01
2023-03,South,Product B,41488.29,1160,8730.92
2022-12,North,Product C,12821.95,391,2278.27
2021-06,North,Product C,63017.08,845,17219.21
2022-04,East,Product C,63344.74,1005,18830.65
2021-04,North,Product D,65263.47,841,15937.61
2020-02,North,Product D,41212.78,1125,4917.32
2024-01,North,Product E,73837.21,900,14621.53
2019-01,West,Product D,55118.72,735,8646.14
2019-09,North,Product A,75114.06,619,18988.79
2023-01,North,Product E,32409.58,737,4563.74
2023-04,South,Product D,41477.42,630,7922.62
2019-06,East,Product D,71504.38,838,10957.73
2021-03,Central,Product C,20024.83,658,5350.33
2022-01,Central,Product B,27336.83,782,6030.22
2021-02,North,Product E,55804.79,975,13629.82
2023-12,Central,Product E,62370.06,616,15564.78
2023-11,Central,Product A,53254.16,930,7167.19
2019-03,West,Product D,73172.62,920,14853.27
2018-09,South,Product D,34202.54,869,9138.57
2022-10,West,Product C,42117.57,862,10546.74
2020-09,South,Product B,60061.95,961,11728.01
2025-07,East,Product D,36124.54,707,4823.45
2024-02,Central,Product B,50581.41,662,5901.61
2024-04,North,Product E,54134.95,913,15441.33
2023-07,South,Product B,39734.91,579,5706.54
2019-12,East,Product B,74312.66,897,21563.63
2023-09,East,Product C,63283.66,1156,12504.19
2022-10,North,Product A,65615.78,1375,7805.27
2023-11,West,Product A,50917.82,784,13538.17
2020-11,Central,Product E,59400.1,1015,13897.64
2020-05,South,Product A,55383.76,592,10189.17
2022-05,West,Product D,82266.54,954,23614.62
2019-05,South,Product C,61550.75,1101,8352.84
2021-02,East,Product E,31356.0,737,8932.89
2019-11,Central,Product B,54518.07,621,5453.1
2019-09,Central,Product A,49532.97,866,8512.05
2018-06,Central,Product A,55074.74,573,10918.44
2024-05,East,Product A,38482.44,508,6733.12
2022-10,North,Product A,52225.44,733,5774.3
2022-08,East,Product E,46780.69,395,10260.53
2021-09,South,Product D,51871.6,765,15161.36
2022-01,East,Product B,52492.11,570,6767.86
2024-12,West,Product A,55734.77,708,12266.73
2022-10,West,Product E,53049.82,663,9802.94
2022-04,East,Product D,47319.79,950,6552.31
2022-12,South,Product A,28733.51,1251,3733.27
2021-12,North,Product E,50513.07,629,7324.98
2018-07,West,Product A,19097.02,868,2703.71
2019-03,East,Product C,64174.84,882,18374.64
2023-01,Central,Product B,57986.51,306,14832.81
2019-09,Central,Product C,69244.84,824,12817.3
2020-03,North,Product A,40082.94,759,11690.98
2020-07,Central,Product A,53514.85,953,8591.59
2024-08,West,Product B,54644.22,877,15986.06
2019-05,South,Product B,52281.01,749,6700.69
2024-09,East,Product A,30907.54,813,9139.09
2025-08,East,Product B,65464.06,758,11721.02
2022-04,South,Product E,44980.94,913,4848.7
2018-09,West,Product E,51926.58,835,11236.78
2023-12,West,Product A,24437.79,921,4409.91
2024-01,South,Product C,44107.57,1014,9105.3
2018-06,Central,Product E,44592.61,519,12838.04
2019-11,West,Product D,48236.43,795,6032.46
2022-04,North,Product A,53689.81,864,11310.66
2023-04,West,Product C,40799.8,834,8406.34
2025-08,North,Product D,36592.75,579,7522.81
2024-05,East,Product E,67422.55,763,15046.61
2018-07,South,Product A,45453.29,951,13619.6
2022-05,Central,Product B,36316.06,874,7912.4
2023-03,East,Product E,54940.15,616,13406.26
2023-05,Central,Product A,48504.18,756,13786.42
2024-11,West,Product C,46575.17,923,13116.8
2022-04,South,Product A,44674.54,656,11422.57
2019-02,East,Product C,49846.88,856,10687.92
2024-08,South,Product C,47776.66,901,4874.08
2022-10,East,Product C,37253.53,940,10033.45
2020-06,Central,Product D,51775.25,878,13948.74
2021-12,West,Product E,65632.86,846,19076.75
2019-08,South,Product C,41806.64,695,6310.79
2024-02,Central,Product A,21654.1,753,3565.33
2023-11,North,Product C,14664.45,1114,3327.19
2020-09,West,Product C,56485.2,826,15133.79
2018-05,West,Product A,53581.07,545,15874.23
2021-10,Central,Product B,51795.86,955,8590.59
2019-10,South,Product C,26118.44,922,2781.52
2020-12,Central,Product A,32195.2,741,4211.06
2019-12,North,Product B,61137.9,654,7185.01
2020-07,West,Product E,53324.62,453,14745.48
2022-10,West,Product B,52079.53,899,13717.42
2023-07,West,Product D,55498.36,736,15346.95
2024-06,Central,Product C,38622.35,746,9717.97
2018-06,North,Product D,54244.03,866,6813.24
2018-02,North,Product E,47670.96,718,9168.64
2023-08,South,Product B,57976.63,929,10145.82
2023-01,South,Product A,61717.63,756,18139.21
2024-05,North,Product A,48051.98,724,5648.7
2023-05,South,Product E,29802.25,859,6883.19
2019-11,East,Product B,58426.97,852,11703.67
2022-04,South,Product B,60606.5,764,16336.58
2023-04,South,Product B,76516.36,597,22879.2
2023-10,Central,Product C,38385.95,755,4700.53
2025-03,North,Product C,31347.26,656,3525.42
2018-06,West,Product D,34236.62,1012,8616.84
2022-03,South,Product A,44972.85,772,8056.17
2020-07,South,Product D,71297.56,1206,16546.07
2019-01,East,Product E,43324.14,908,10694.29
2018-05,East,Product C,58123.44,812,7984.24
2023-02,North,Product A,42210.47,760,7780.4
2025-08,East,Product C,40575.04,759,8673.47
2023-10,North,Product A,57015.49,666,9765.54
2021-02,North,Product B,53614.2,491,7717.86
2022-07,Central,Product D,35683.42,901,4922.62
2018-12,South,Product B,21087.76,722,4913.78
2018-02,North,Product D,43060.54,736,11805.76
2024-01,West,Product C,57903.54,466,8691.42
2019-06,West,Product E,68636.56,748,7202.22
2021-06,South,Product A,38874.87,508,9595.48
2022-01,North,Product E,65823.39,988,15458.45
2022-06,Central,Product A,50894.98,445,8301.72
2025-03,East,Product B,39700.93,630,4723.06
2022-02,West,Product A,37709.88,1031,8810.81
2022-09,West,Product C,35421.29,914,7389.72
2021-10,West,Product B,35480.41,697,7814.98
2020-02,East,Product C,78509.74,878,14466.83
2020-05,East,Product E,52558.33,677,7729.5
2024-06,Central,Product E,25918.18,652,3806.89
2022-03,East,Product B,52722.08,695,14884.28
2022-07,South,Product E,78628.97,980,18524.91
2023-01,West,Product D,47832.11,538,4974.87
2025-01,Central,Product D,29847.49,765,6783.4
2023-02,South,Product C,48573.13,517,13479.91
2021-12,North,Product B,62427.55,426,11828.52
2021-06,East,Product C,61107.34,551,16282.2
2023-12,Central,Product C,66957.9,806,12275.66
2024-05,Central,Product A,25655.38,557,6838.98
2021-04,North,Product A,60085.89,1168,11251.56
2019-07,South,Product A,51036.28,237,14302.3
2024-05,East,Product C,55821.11,637,8158.46
2019-06,East,Product B,39660.06,517,6791.13
2018-02,West,Product D,54367.07,951,13456.27
2021-12,Central,Product E,72076.22,838,15220.64
2022-01,South,Product A,69336.98,931,8095.9
2019-06,South,Product B,25488.26,384,4122.0
2022-04,West,Product B,33304.04,886,3755.54
2025-03,North,Product D,33670.48,1360,3675.82
2018-10,West,Product D,42692.49,356,6545.19
2021-11,North,Product D,56555.41,771,12863.87
2020-12,Central,Product A,37898.44,784,11064.27
2025-06,North,Product C,33082.34,602,8141.78
2022-11,West,Product C,54322.25,871,9196.7
2018-02,South,Product A,29138.4,856,8175.23
2018-08,Central,Product E,56932.31,778,9508.26
2019-10,North,Product E,70747.03,663,19991.64
2023-10,Central,Product B,68150.32,855,9382.86
2020-08,West,Product D,67973.38,742,7058.79
2020-08,West,Product A,42718.38,578,10704.11
2019-12,North,Product B,68224.16,821,10028.25
2025-08,East,Product E,51158.86,312,7063.02
2020-04,West,Product B,66039.26,758,15779.05
2021-12,East,Product B,53448.92,1010,6534.62
2023-03,East,Product C,48761.94,931,11328.03
2021-05,Central,Product A,48659.38,712,12502.88
2019-09,East,Product B,50547.3,471,5381.72
2020-08,South,Product E,57932.01,841,13756.26
2021-03,West,Product B,44978.17,877,5951.6
2019-11,North,Product C,61695.44,787,9344.91
2023-04,West,Product C,68270.34,1006,8496.28
2019-07,West,Product C,25062.13,500,4023.75
2021-03,Central,Product A,68171.41,698,18191.62
2022-02,South,Product A,53313.42,915,14785.12
2022-04,Central,Product A,57818.24,383,15163.28
2024-07,North,Product C,31386.36,719,7903.0
2020-04,West,Product B,47261.23,689,10407.65
2020-02,West,Product C,38667.51,634,11134.84
2022-10,East,Product C,63970.94,539,14784.53
2024-04,East,Product C,62597.27,860,11559.07
2024-12,South,Product B,32624.85,455,9171.34
2024-03,East,Product D,54709.34,664,12101.82
2018-10,East,Product E,42227.99,692,8213.01
2024-09,East,Product A,44677.18,594,10577.15
2023-06,East,Product A,44825.25,931,11172.16
2022-02,Central,Product D,75172.7,785,9168.96
2022-01,Central,Product D,42557.46,736,5455.01
2023-04,West,Product B,16272.55,574,3245.55
2019-12,West,Product A,68821.17,1050,18553.14
2023-03,South,Product C,73346.24,986,14856.08
2024-07,East,Product D,68561.97,1115,16718.1
2024-08,East,Product B,50619.12,803,6521.4
2021-01,South,Product A,80910.33,1072,23820.79
2020-05,West,Product E,27007.88,599,7307.44
2018-07,North,Product E,92395.53,1072,13941.02
2024-01,Central,Product E,47674.27,833,5014.96
2018-03,North,Product B,50820.42,888,8875.91
2019-02,North,Product C,55823.01,767,15066.83
2019-07,South,Product E,41482.88,902,8904.08
2020-05,South,Product A,18842.61,643,5632.99
2024-06,South,Product B,35392.57,651,4453.35
2022-04,East,Product E,46934.19,1013,10149.92
2021-04,South,Product A,61010.83,798,6114.85
2021-11,West,Product E,34157.36,653,5581.41
2022-04,South,Product C,48911.5,630,12209.39
2021-12,Central,Product D,41763.1,681,7018.08
2023-01,East,Product C,43971.91,735,8131.62
2024-03,South,Product C,44281.44,758,10245.15
2023-11,South,Product D,66735.92,768,8418.34
2024-10,South,Product B,37795.03,646,5236.53
2022-02,West,Product A,49826.92,615,13147.04
2020-09,Central,Product A,44834.79,601,7013.44
2020-07,Central,Product E,37729.89,1105,7781.01
2022-02,South,Product C,54023.99,842,15533.86
2019-05,West,Product C,39506.73,637,6297.53
2021-10,North,Product A,42774.24,848,10621.78
2022-11,North,Product B,31323.79,893,4776.94
2019-02,South,Product B,66373.4,859,6755.27
2024-07,West,Product A,45918.58,605,7084.88
2021-07,South,Product D,36102.3,693,7863.36
2022-10,West,Product D,82539.06,766,10256.38
2020-06,West,Product A,57815.47,832,8231.29
2023-06,West,Product C,14302.79,653,1821.83
2022-12,North,Product A,38909.86,1170,4790.67
2020-03,North,Product C,45843.88,785,11252.51
2023-09,South,Product E,53282.45,750,15152.54
2021-01,East,Product B,75865.42,497,10018.69
2019-08,North,Product C,92409.86,1297,24290.75
2023-09,Central,Product B,55141.24,917,12899.99
2018-05,South,Product B,60696.16,433,12355.81
2021-02,East,Product E,50418.87,649,8530.59
2021-04,East,Product D,50345.83,571,11730.9
2018-08,Central,Product B,53577.05,917,5501.76
2024-02,West,Product B,62460.2,576,15293.26
2020-12,South,Product A,47947.63,703,7412.93
2019-06,North,Product D,50726.4,614,12381.11
2025-06,East,Product B,79222.52,833,8681.6
2023-05,East,Product E,64163.22,839,12493.09
2023-09,West,Product A,54312.2,831,10284.93
2019-10,East,Product B,41079.91,715,8692.09
2022-05,Central,Product D,54878.78,1035,9418.13
2019-04,North,Product B,50762.58,841,6938.88
2023-04,North,Product D,66267.16,757,8624.44
2025-07,South,Product C,70437.91,543,17508.8
2019-01,South,Product D,43144.79,845,7782.63
2025-01,North,Product B,16111.44,821,4135.71
2025-06,West,Product D,27744.75,742,6400.34
2018-06,East,Product E,28360.46,819,5928.67
2020-10,West,Product B,40950.55,914,9006.55
2023-01,East,Product B,37036.03,754,9903.99
2020-07,South,Product A,63368.72,895,8017.02
2018-01,Central,Product E,52458.86,651,7232.48
2023-07,West,Product E,28456.69,852,4479.1
2023-04,South,Product C,59763.07,494,8386.81
2024-06,Central,Product A,51789.67,843,12367.24
2021-05,South,Product A,76856.95,1146,22322.91
2020-02,South,Product E,55179.21,557,11478.56
2020-02,Central,Product B,69065.45,734,19175.03
2022-10,North,Product A,38544.46,994,7007.44
2020-10,Central,Product A,40170.09,838,5541.03
2019-03,West,Product E,54304.85,633,12733.47
2018-08,North,Product E,58442.77,407,8177.17
2019-10,Central,Product E,44707.49,1042,13275.31
2022-02,West,Product E,79446.77,402,22190.78
2025-04,East,Product A,26361.2,733,5419.04
2022-05,West,Product B,41277.92,1009,6771.3
2019-08,East,Product B,30290.83,852,7879.39
2021-11,East,Product B,47107.91,532,11755.92
2023-08,Central,Product A,53379.83,1069,8719.58
2021-04,West,Product C,78222.09,847,22996.31
2018-09,West,Product B,65912.0,979,10419.51
2021-12,South,Product C,63776.27,526,8749.49
2019-09,West,Product C,31593.06,880,6584.22
2019-05,East,Product E,41930.84,763,12461.52
2023-06,North,Product C,48004.61,589,9749.59
2019-11,West,Product B,27858.69,757,5537.88
2019-10,North,Product A,35308.11,633,8890.12
2025-02,West,Product C,69875.07,605,14497.09
2025-07,North,Product C,87941.5,916,9850.95
2019-03,South,Product A,43666.78,746,11088.01
2018-10,North,Product C,57340.62,993,13369.33
2023-03,West,Product E,44574.25,835,8882.44
2022-03,North,Product C,43000.67,726,8778.19
2022-05,North,Product D,54225.77,812,9381.94
2018-10,West,Product C,49828.16,581,9576.53
2021-07,East,Product D,56750.82,682,13892.55
2021-09,North,Product D,60132.36,915,15793.91
2018-12,South,Product D,40586.59,494,9755.84
2022-07,South,Product C,50902.04,993,6484.89
2018-03,East,Product D,48855.83,467,11740.03
2022-07,East,Product C,53868.44,995,12818.4
2021-05,East,Product E,35831.35,931,9994.9
2018-09,East,Product B,48585.91,836,9812.19
2021-03,West,Product D,46762.54,1027,11771.76
2023-11,West,Product B,35499.63,905,7193.74
2021-08,South,Product C,49018.19,1032,13010.9
2021-04,West,Product D,40325.52,973,10741.64
2020-01,East,Product B,58040.14,953,8235.06
2018-07,East,Product E,45429.98,924,9087.34
2019-10,Central,Product E,58355.91,980,13914.15
2019-02,East,Product C,54744.11,1073,15253.97
2021-03,North,Product A,41127.26,1192,9782.85
2024-07,North,Product E,39222.74,956,9947.14
2022-06,South,Product A,60623.99,955,15927.57
2023-09,East,Product A,34903.5,761,6500.43
2018-02,Central,Product E,51330.65,822,11669.72
2020-07,West,Product A,74640.0,576,14002.94
2025-03,East,Product D,52364.54,864,5621.79
2019-01,Central,Product D,50795.61,760,10995.93
2019-05,Central,Product B,45491.46,710,7339.31
2018-06,North,Product D,39157.48,364,6457.68
2019-08,East,Product C,64981.59,1036,14127.34
2022-02,South,Product D,42637.9,573,5364.67
2023-11,East,Product C,47697.49,626,14149.53
2018-12,West,Product E,55727.29,1031,11411.2
2022-06,North,Product C,55707.8,938,14043.96
2021-02,South,Product E,56894.56,982,9155.24
2024-01,North,Product C,24960.64,942,3240.57
2025-04,North,Product C,46688.03,887,11537.74
2021-04,East,Product D,51082.07,1262,10489.08
2019-12,Central,Product D,48825.04,696,5498.43
2018-06,West,Product B,43125.91,477,5365.24
2021-03,West,Product D,53731.94,623,10137.14
2022-03,North,Product E,55145.18,817,7690.42
2024-01,North,Product E,84427.41,775,11536.68
2025-08,Central,Product C,29710.15,785,5895.48
2023-06,West,Product C,43433.92,824,5828.01
2024-11,East,Product B,68710.05,711,19050.98
2023-03,South,Product E,46405.55,755,9312.46
2023-05,East,Product D,32236.69,700,3960.75
2024-10,Central,Product B,55453.6,1003,15774.62
2019-10,North,Product C,45419.17,1002,9302.5
2022-02,South,Product E,37484.93,661,4352.12
2022-04,East,Product E,42656.95,779,11391.26
2021-01,Central,Product D,37821.8,942,4326.05
2018-09,Central,Product E,55393.52,828,12612.86
2019-04,South,Product E,50515.91,671,5383.33
2018-08,North,Product C,44812.68,874,5045.0
2022-04,South,Product D,49701.68,542,9655.73
2018-05,West,Product E,45969.83,869,9157.47
2023-01,East,Product E,77963.34,736,19001.25
2025-01,North,Product A,67037.85,1156,9779.64
2021-01,North,Product E,64416.4,465,8806.53
2021-12,South,Product C,86618.84,921,18478.7
2019-12,East,Product D,25334.38,1205,5328.26
2025-03,North,Product E,56720.1,920,12494.61
2023-04,South,Product B,43033.97,1084,5885.72
2022-12,West,Product E,43762.76,985,7310.9
2018-08,North,Product E,47070.04,754,6615.11
2019-02,East,Product B,48570.15,687,13204.38
2018-06,South,Product A,53398.14,1059,10516.67
2018-08,West,Product B,46817.69,607,6428.82
2024-12,North,Product A,63529.9,646,17190.23
2021-12,South,Product C,67775.1,1012,14042.13
2020-03,South,Product D,61962.2,459,14614.6
2024-05,West,Product C,69745.17,218,11616.25
2022-11,Central,Product A,35259.67,681,8230.21
2025-04,Central,Product E,31727.36,879,4906.34
2025-08,North,Product E,61290.63,956,13702.86
2018-10,Central,Product E,83722.5,776,15304.49
2018-05,North,Product D,68795.87,781,16209.31
2024-12,West,Product D,56452.14,901,9373.49
2023-10,South,Product B,43078.04,697,12219.54
2024-11,South,Product B,45847.14,871,10329.79
2024-08,Central,Product B,72066.73,857,8890.65
2025-03,South,Product C,53073.51,744,7091.71
2021-07,West,Product D,48041.37,892,12773.24
2019-07,West,Product C,57250.99,1037,8809.42
2023-11,South,Product B,77808.45,1120,13532.53
2023-09,North,Product A,28520.2,669,5128.68
2021-08,East,Product C,51089.16,671,8248.79
2020-10,Central,Product A,67162.38,484,8001.54
2019-04,North,Product E,64137.91,585,8374.49
2019-11,South,Product C,56892.62,1192,5899.38
2018-08,South,Product B,53262.1,981,13911.06
2018-04,West,Product C,27916.14,342,5867.66
2023-04,East,Product A,51882.63,517,10762.62
2019-03,West,Product E,72478.87,946,7610.64
2021-11,North,Product A,51153.79,695,9191.57
2024-11,East,Product E,76489.76,886,15061.42
2022-04,Central,Product A,72642.86,206,19407.36
2021-10,North,Product D,68676.84,967,19730.63
2024-05,South,Product C,28161.28,1220,7180.28
2025-02,Central,Product B,89418.62,1136,14466.51
2018-09,Central,Product D,71987.54,1018,10232.13
2023-08,Central,Product C,48894.59,863,13785.0
2020-07,North,Product E,23609.76,896,6271.01
2021-09,West,Product C,25799.48,801,5624.77
2021-03,West,Product D,65170.07,635,9372.32
2023-08,West,Product A,39032.24,496,4932.52
2022-08,South,Product A,46735.97,1075,9525.65
2018-07,West,Product E,51693.7,1171,14791.72
2023-07,East,Product B,32677.66,664,5614.74
2022-04,Central,Product B,60343.85,864,9842.65
2023-07,East,Product C,67141.63,731,16515.15
2022-02,Central,Product A,50081.91,996,11476.42
2024-06,North,Product D,42644.0,955,9172.51
2021-12,Central,Product E,35361.33,646,10068.03
2022-01,East,Product D,50347.78,716,7555.54
2020-04,East,Product A,57786.18,703,10554.33
2024-02,West,Product A,42497.71,906,9172.89
2018-09,South,Product B,38407.49,777,11112.35
2020-08,North,Product E,49487.5,640,13814.37
2020-06,West,Product B,71924.51,447,20415.83
2018-12,West,Product D,59918.55,619,15685.8
2021-12,North,Product D,55927.64,454,6875.88
2025-06,South,Product E,66371.9,665,9905.17
2019-05,West,Product E,80774.69,821,17590.83
2021-01,West,Product E,38763.4,637,8028.75
2020-05,North,Product B,21121.07,945,2414.77
2020-06,South,Product D,43821.93,1009,11050.41
2022-07,North,Product D,23996.45,374,3842.46
2020-12,North,Product D,40159.48,1022,8765.55
2019-12,Central,Product C,58494.2,1002,8678.43
2018-12,East,Product D,33462.76,869,6706.93
2023-07,Central,Product A,75939.51,501,22778.89
2019-05,Central,Product B,54440.46,966,14718.95
2019-01,North,Product E,65051.2,1420,13609.42
2024-04,North,Product C,60714.26,1029,16450.87
2018-01,East,Product D,41807.51,517,10521.33
2025-07,East,Product B,52001.65,734,7811.47
2020-04,Central,Product E,48340.13,959,12015.33
2020-08,East,Product C,52588.43,1369,7395.62
2020-09,East,Product C,62494.58,906,14187.53
2020-09,North,Product E,51538.75,610,8390.59
2021-06,West,Product B,71283.01,539,20636.76
2025-07,West,Product B,68483.06,887,12106.09
2019-12,North,Product A,64718.24,317,6733.22
2019-05,South,Product E,58765.45,607,6650.92
2023-06,North,Product D,45970.18,1109,10391.87
2019-09,East,Product C,75134.54,761,9617.81
2023-07,South,Product A,66314.07,430,9191.29
2025-04,South,Product E,48147.84,1186,8331.67
2023-11,West,Product D,58319.96,533,6158.65
2022-07,South,Product D,65826.18,841,12823.79
2024-12,South,Product D,45031.41,855,9865.24
2019-06,East,Product B,73286.71,466,14529.35
2020-08,West,Product E,39655.17,789,5443.9
2020-02,Central,Product B,75976.38,462,9832.41
2021-02,South,Product A,58615.8,700,13722.9
2024-02,South,Product E,35692.49,693,6484.69
2024-03,West,Product B,31612.67,886,4889.4
2020-10,South,Product C,60014.1,615,14912.07
2018-08,South,Product C,44361.08,852,4679.96
2024-03,South,Product C,45463.82,845,5636.46
2024-06,North,Product C,34190.91,945,3659.69
2019-06,South,Product E,61809.14,891,17978.78
2025-06,East,Product D,8428.71,720,1528.95
2022-07,Central,Product E,39857.76,414,8204.24
2024-05,South,Product E,37530.68,701,4108.48
2023-08,East,Product B,26293.07,562,7878.69
2023-08,South,Product B,31959.93,601,6543.47
2020-12,North,Product E,52638.19,439,8181.88
2024-09,South,Product E,61460.44,987,6709.44
2019-09,West,Product C,37952.3,635,6669.79
2020-06,Central,Product D,38233.35,840,3896.64
2022-02,East,Product E,12148.14,739,3147.74
2025-01,East,Product C,34632.11,825,9934.13
2018-11,North,Product E,63119.7,676,8955.19
2018-10,West,Product B,65402.38,747,18821.28
2024-07,North,Product B,43907.73,610,11678.74
2024-11,East,Product C,60834.58,841,11725.64
2024-12,South,Product C,67622.21,424,12694.84
2023-09,Central,Product E,70770.54,718,19986.56
2019-03,Central,Product D,34985.1,720,5783.06
2022-05,Central,Product A,55931.26,818,13096.13
2019-03,East,Product B,58198.85,1031,13606.33
2023-02,West,Product D,36779.35,706,4221.01
2021-07,West,Product C,24330.11,501,7076.35
2018-11,South,Product A,58404.72,1056,7641.94
2022-07,North,Product B,62784.05,497,10990.54
2021-07,East,Product A,75068.94,850,17958.68
2023-02,North,Product A,69011.13,533,12318.55
2023-05,East,Product B,66238.06,667,18551.64
2021-10,Central,Product E,65345.76,706,10696.2
2025-05,North,Product A,19337.32,928,3613.52
2024-10,South,Product E,29519.74,837,6124.73
2024-09,West,Product A,29850.0,454,5881.11
2020-12,South,Product A,54857.66,751,16249.26
2025-08,North,Product D,49835.91,887,5558.13
2024-09,Central,Product A,48935.57,972,8080.02
2018-09,East,Product A,21024.25,618,3524.55
2020-02,East,Product D,44624.18,1027,9497.97
2022-03,East,Product B,37911.48,781,8868.72
2021-08,North,Product D,47493.33,940,7780.31
2019-11,West,Product A,53701.88,807,14240.27
2024-09,South,Product E,56955.85,566,13434.28
2024-07,Central,Product A,29032.82,425,8280.11
2020-12,West,Product C,45066.66,943,4627.49
2024-08,North,Product C,71723.69,522,14663.92
2020-05,Central,Product B,23653.84,886,3467.66
2024-02,North,Product E,27441.8,787,3385.79
2018-02,East,Product B,31885.4,937,5973.45
2019-03,South,Product C,32658.09,578,8150.76
2018-01,South,Product E,44375.04,808,5355.59
2018-03,West,Product A,44636.29,623,11526.51
2022-02,Central,Product D,33572.09,877,3871.44
2018-04,West,Product B,62027.29,500,18349.06
2025-03,Central,Product A,45628.41,998,7897.32
2020-04,East,Product A,78543.63,742,16972.17
2021-02,West,Product E,19461.46,691,3767.02
2023-07,South,Product D,63759.66,409,9409.96
2019-05,South,Product A,48431.73,521,13235.57
2025-05,South,Product E,31135.32,836,8204.01
2021-08,North,Product E,61696.59,854,13941.99
2024-09,Central,Product D,38344.6,823,8840.14
2024-02,North,Product B,45027.99,961,7992.29
2019-01,North,Product D,30354.02,896,6763.27
2022-09,South,Product B,41957.4,598,8712.19
2023-12,East,Product C,29211.1,798,6150.16
2023-02,Central,Product E,34647.74,1084,9968.85
2018-10,North,Product E,31612.13,934,6692.11
2018-11,North,Product A,70001.0,525,7486.23
2021-02,West,Product B,40389.07,354,8959.27
2018-09,North,Product D,45343.34,829,12735.22
2019-05,West,Product E,59736.4,984,12275.07
2025-02,West,Product A,28636.54,757,4055.39
2020-12,Central,Product B,24739.94,658,2714.14
2020-04,East,Product A,67349.27,1074,10017.76
2023-06,South,Product E,71834.91,722,13941.83
2019-05,West,Product E,27396.17,829,7112.3
2021-10,North,Product D,51331.88,483,8437.19
2025-07,Central,Product E,79442.55,661,23192.29
2024-04,East,Product A,49990.21,670,7521.12
2021-05,North,Product E,64422.81,871,19116.72
2025-01,South,Product D,66896.51,1120,16167.0
2021-05,South,Product C,39490.08,720,10606.82
2020-03,South,Product B,53405.95,784,11686.92
2019-01,South,Product B,66952.43,1032,14095.29
2019-09,North,Product B,50454.68,876,9638.69
2023-11,South,Product B,21419.21,457,5751.44
2022-02,East,Product E,48673.04,1045,11859.58
2019-07,West,Product E,32052.27,313,9472.19
2021-01,Central,Product D,60862.52,532,8101.58
2018-01,West,Product D,45430.66,914,6805.69
2021-11,East,Product A,42767.86,901,5502.48
2023-05,Central,Product A,39075.06,953,9605.46
2024-01,Central,Product D,42226.6,1028,8292.53
2023-05,East,Product B,65764.46,770,13376.83
2024-08,South,Product A,41657.53,829,9300.93
2018-09,North,Product A,61249.08,462,17331.22
2019-12,East,Product C,61106.32,933,17476.74
2022-08,North,Product C,71906.25,850,11062.53
2025-04,South,Product C,76375.41,1090,9498.64
2022-06,North,Product E,39755.97,727,7228.24
2021-12,South,Product C,48554.23,604,13964.12
2022-04,North,Product E,56483.86,1064,11454.04
2023-01,North,Product B,67102.11,1004,9831.54
2022-09,East,Product A,63706.41,636,13691.36
2021-10,West,Product B,42593.2,578,7524.96
2018-10,North,Product B,30025.94,649,7512.69
2018-02,Central,Product B,77516.14,871,18276.83
2020-07,Central,Product C,41908.55,834,4992.68
2025-04,North,Product A,77313.18,542,18019.81
2019-07,North,Product C,64783.13,776,15476.43
2019-05,South,Product A,56983.88,574,12716.41
2018-05,West,Product B,47301.37,746,13222.67
2019-12,North,Product C,53456.9,934,5700.61
2021-12,Central,Product B,54244.07,628,13374.91
2020-03,West,Product A,38119.95,561,6415.95
2024-09,South,Product A,58236.9,694,7654.45
2018-03,East,Product B,49746.76,588,7724.78
2019-10,East,Product B,61356.38,455,15123.06
2021-09,West,Product D,72177.71,590,17509.72
2020-03,South,Product C,41746.12,561,9602.91
2022-12,Central,Product D,35901.99,589,7616.56
2021-03,Central,Product D,36194.62,1011,6894.16
2021-04,Central,Product C,63439.96,829,12630.53
2024-05,East,Product C,60508.93,824,9960.84
2019-12,Central,Product A,73902.86,928,18823.34
2022-01,West,Product B,45336.31,1386,8250.13
2020-07,West,Product B,61612.69,707,11810.75
2021-08,East,Product A,27115.78,910,5768.71
2022-12,South,Product E,44686.72,967,7380.17
2024-06,West,Product C,42417.04,990,7796.75
2022-04,South,Product A,62970.09,857,16339.14
2023-05,East,Product D,38417.77,930,9125.03
2025-07,North,Product E,61485.59,412,13436.62
2018-05,Central,Product E,74482.28,614,20718.17
2024-01,East,Product D,49669.69,816,11183.61
2024-12,South,Product E,44653.05,714,6664.61
2018-04,West,Product E,46568.23,833,12445.92
2018-03,Central,Product E,72143.78,1094,7759.2
2022-03,West,Product E,50121.0,798,8313.94
2025-07,Central,Product C,61030.06,734,6414.84
2024-01,Central,Product A,48874.24,859,10419.94
2020-04,East,Product E,33947.62,853,5155.91
2021-02,South,Product D,46344.89,755,7241.14
2020-04,North,Product C,58854.9,940,11587.65
2025-08,West,Product A,71297.67,854,15312.28
2019-09,West,Product E,38507.82,974,6244.37
2022-11,South,Product D,43977.76,780,7939.76
2021-06,Central,Product E,44388.01,877,5851.83
2021-02,North,Product E,56523.47,1117,9106.28
2018-07,Central,Product E,85079.76,937,15203.42
2021-06,South,Product C,64250.48,833,16078.61
2022-01,East,Product D,42747.83,794,12606.61
2023-03,South,Product C,14961.04,885,1629.74
2021-10,North,Product B,44429.58,437,8106.78
2020-01,Central,Product A,49828.86,902,11922.81
2022-10,North,Product C,78490.76,809,19555.99
2018-03,Central,Product B,56200.19,734,10316.32
2025-08,North,Product B,67962.33,708,14740.62
2025-08,South,Product C,44599.37,986,10162.76
2024-11,East,Product C,72638.6,876,18269.83
2021-02,North,Product B,59486.88,895,15012.26
2022-12,North,Product C,43999.14,788,7590.88
2020-09,South,Product B,47977.8,786,11404.44
2023-10,West,Product C,57533.52,475,16853.7
2018-02,East,Product D,60766.34,394,13880.66
2020-01,East,Product E,51476.03,650,7699.53
2018-05,North,Product E,59714.09,898,12802.49
2018-06,Central,Product B,48954.47,828,10724.16
2022-08,East,Product B,13093.46,771,2545.21
2019-04,West,Product E,50828.03,680,5258.67
2020-05,Central,Product B,29202.66,695,4893.79
2022-08,West,Product A,15721.02,684,4493.29
2024-09,North,Product D,47563.73,848,11471.73
2019-08,North,Product A,48133.15,973,11998.37
2022-03,North,Product E,10462.42,622,2387.3
2025-04,North,Product C,29599.65,757,8253.02
2022-10,South,Product A,51895.52,556,15219.23
2019-06,East,Product B,53021.94,883,6913.71
2020-03,East,Product E,49178.73,780,6863.92
2023-08,West,Product D,30329.69,427,8093.41
2023-06,Central,Product C,69867.72,728,14514.32
2019-09,Central,Product A,58807.98,697,12724.4
2025-03,West,Product D,32276.5,844,8754.35
2022-04,South,Product D,54566.77,846,12943.67
2018-03,South,Product B,67401.24,1072,14281.0
2018-09,Central,Product C,77254.19,864,8593.9
2023-05,East,Product C,60518.83,944,8790.76
2021-11,South,Product E,36986.79,647,6651.56
2021-05,Central,Product D,49919.2,609,9265.48
2024-02,West,Product D,59550.99,801,14275.33
2023-10,North,Product A,45985.76,545,7748.82
2024-06,South,Product B,44973.39,862,4840.32
2021-02,West,Product A,35580.94,827,10191.31
2020-02,West,Product E,52625.72,706,13521.99
2025-02,West,Product A,43393.27,970,9530.92
2022-11,Central,Product B,37967.13,1069,9059.53
2018-07,North,Product E,42887.57,1141,11037.52
2020-07,North,Product B,76356.07,954,12789.26
2018-06,South,Product A,47895.02,853,11901.48
2018-05,East,Product C,56887.42,579,9007.02
2021-08,East,Product E,61149.78,1137,13856.4
2022-01,South,Product B,59846.35,986,7607.01
2020-10,South,Product E,38991.51,947,10944.48
2018-04,South,Product A,50087.55,979,11581.61
2022-03,South,Product E,26401.81,575,5990.46
2020-11,South,Product B,77175.52,561,21833.4
2023-02,East,Product A,82873.05,816,13624.05
2020-02,East,Product A,58004.4,509,16053.96
2020-09,East,Product D,68905.57,687,13048.17
2019-09,North,Product B,57509.74,444,16403.78
2018-05,North,Product D,30901.81,536,6446.19
2025-02,East,Product A,30016.38,1143,4891.21
2024-10,North,Product B,39306.05,910,4036.38
2023-05,South,Product A,50290.51,916,14916.33
2024-12,South,Product B,64730.16,713,11149.42
2020-06,West,Product A,48810.11,795,8691.02
2024-03,South,Product C,51858.62,675,13029.95
2020-02,North,Product E,49035.34,557,10093.98
2019-01,South,Product B,59661.03,1285,12125.9
2022-04,South,Product D,51461.26,748,8698.57
2025-07,South,Product E,31316.29,781,3900.92
2022-08,West,Product E,47290.44,965,8379.12
2021-10,West,Product E,30983.1,591,8477.58
2024-05,South,Product A,45569.27,933,10499.29
2025-06,South,Product C,51601.38,332,11872.84
2021-03,East,Product D,37026.56,1055,8663.84
2018-06,North,Product A,38723.49,768,10783.49
2021-10,East,Product A,31961.47,1223,7012.09
2018-09,Central,Product B,40715.17,957,6519.48
2024-02,South,Product D,35930.7,1119,6430.54
2024-12,South,Product B,44455.92,959,5586.17
2019-03,West,Product D,66728.76,741,8782.32
2019-03,West,Product E,67197.08,958,10023.17
2023-07,East,Product D,56462.53,1076,9945.97
2024-06,East,Product E,61550.78,1309,16205.68
2021-10,West,Product B,67484.25,709,9167.19
2023-07,North,Product C,69502.65,339,12127.15
2022-03,East,Product D,20389.88,571,4679.8
2019-02,West,Product C,25834.96,616,3084.97
2020-05,West,Product C,35171.31,906,6982.28
2019-04,South,Product C,47253.05,1080,5319.28
2018-04,West,Product D,51948.3,952,5918.33
2021-08,North,Product D,47307.05,1268,12986.42
2021-02,North,Product B,32571.72,615,5908.09
2022-11,Central,Product D,60188.11,816,17107.23
2022-10,West,Product E,67332.37,900,17985.48
2020-06,West,Product B,67951.45,886,7152.36
2021-03,South,Product A,56829.61,350,15324.61
2025-03,Central,Product B,33979.04,727,9946.94
2018-05,East,Product B,57863.45,1234,15224.88
2019-10,South,Product C,57178.89,661,16238.06
2019-10,East,Product B,41924.86,713,6727.84
2021-05,North,Product C,61470.98,692,6228.15
2025-01,North,Product A,48851.59,616,9147.04
2022-07,North,Product E,68124.12,704,15711.2
2021-05,West,Product C,71956.16,1062,18336.37
2019-11,East,Product C,53958.33,509,11889.87
2024-05,West,Product C,64933.65,785,12575.12
2024-09,North,Product D,51404.42,683,8593.32
2021-09,West,Product A,65888.53,1040,9946.77
2025-01,Central,Product C,43815.02,607,9619.54
2021-05,North,Product A,43708.69,947,8306.46
2023-06,North,Product B,46808.9,635,9500.11
2023-05,South,Product D,65796.82,701,15112.53
2025-08,Central,Product B,70357.8,1138,19151.97
2022-04,West,Product E,57063.54,740,16446.02
2024-07,Central,Product C,73930.21,1089,9911.15
2022-09,West,Product C,41005.26,886,11227.63
2022-08,East,Product B,61882.06,850,15078.93
2024-04,East,Product A,64631.98,938,13090.74
2019-04,South,Product B,39712.5,905,10560.23
2023-08,East,Product D,43362.25,846,7761.5
2023-01,East,Product C,69731.6,1254,13826.57
2024-04,South,Product D,57622.69,683,13412.37
2019-12,South,Product A,36059.45,667,7034.46
2018-03,Central,Product A,45711.92,832,12989.18
2024-04,South,Product B,28870.99,802,7102.33
2018-11,West,Product B,47794.28,852,7001.57
2020-09,East,Product D,71317.69,503,18008.08
2018-05,North,Product D,52504.51,1092,11321.45
2020-05,West,Product E,43600.46,409,6360.44
2022-04,Central,Product E,68730.52,834,14263.3
2018-02,East,Product E,51951.94,499,13948.81
2018-12,Central,Product A,53216.97,852,7964.65
2021-07,South,Product E,34381.92,1183,9622.58
2022-03,North,Product E,71008.32,826,10160.63
2020-04,Central,Product B,61513.65,1155,10688.62
2022-11,West,Product C,69652.92,972,14616.25
2024-11,South,Product D,48550.87,889,8387.67
2019-05,South,Product C,29073.34,617,6405.06
2018-09,East,Product A,51500.18,908,5588.71
2023-01,South,Product B,36377.69,715,4681.22
2021-03,West,Product B,51395.32,983,12334.46
2024-09,West,Product D,95982.12,615,25584.93
2018-03,East,Product B,50409.39,935,13428.17
2018-12,North,Product A,50543.31,655,13317.63
2022-06,Central,Product D,45361.34,751,9172.03
2019-09,West,Product B,51822.55,608,11311.9
2023-02,East,Product D,56769.99,530,6739.61
2021-11,West,Product A,54354.13,862,13533.8
2019-02,Central,Product A,62282.1,748,6441.49
2025-04,North,Product A,41841.35,965,7916.86
2021-01,South,Product B,72420.97,528,19019.94
2020-03,Central,Product C,47798.54,745,10198.43
2024-07,East,Product B,84995.53,880,10052.79
2022-10,North,Product D,72836.7,887,11264.0
2022-12,South,Product B,37573.95,648,8351.59
2024-04,South,Product A,65049.7,1053,7399.8
2022-01,Central,Product D,43464.53,583,9440.51
2021-09,South,Product B,41594.7,764,11626.67
2023-11,Central,Product D,50281.97,686,5521.28
2024-10,Central,Product C,57674.99,1004,7646.07
2024-09,South,Product B,47313.36,780,12258.43
2018-02,East,Product A,64720.95,625,12653.26
2025-04,West,Product A,37602.63,626,10345.06
2020-03,Central,Product D,59503.01,783,7552.82
2023-05,East,Product A,51606.12,878,13258.69
2025-01,South,Product D,49627.55,882,6578.12
2021-03,East,Product E,70701.85,911,17533.09
2024-02,South,Product D,34994.6,945,7850.87
2024-11,East,Product E,99763.74,948,10773.04
2024-01,Central,Product C,62364.44,717,8690.27
2022-10,South,Product A,67606.2,894,11235.86
2018-07,Central,Product B,29354.65,929,8085.92
2022-04,South,Product E,55442.12,823,9273.21
2019-03,East,Product B,23791.37,1008,2407.2
2018-12,West,Product D,19423.3,588,5565.99
2022-04,East,Product A,36868.26,767,10897.61
2021-03,South,Product D,58482.23,875,10376.94
2025-02,North,Product E,43832.4,794,11302.82
2018-08,South,Product E,56909.62,1050,7737.25
2021-04,South,Product D,63076.98,696,16206.03
2022-01,South,Product C,54370.0,1323,11125.8
2022-11,Central,Product D,36213.47,912,4280.82
2021-10,North,Product D,34878.47,887,9977.38
2025-08,North,Product D,37113.84,805,7195.59
2025-05,South,Product E,60457.74,578,16864.1
2021-12,South,Product C,50443.72,762,14747.63
2021-10,West,Product E,61304.02,395,13675.77
2022-09,East,Product E,37184.68,1063,9826.09
2020-11,West,Product E,48719.38,968,11135.53
2023-01,South,Product E,63397.98,1033,14806.6
2023-08,North,Product D,48624.83,910,7681.71
2024-10,South,Product A,50626.99,814,7404.99
2021-06,Central,Product B,43703.7,657,6584.89
2021-03,West,Product C,46217.84,659,4678.94
2019-12,East,Product B,54110.06,945,9722.01
2023-03,South,Product C,55057.18,697,7959.14
2022-04,North,Product D,90354.73,686,11698.83
2024-03,East,Product D,67060.25,841,11885.58
2020-06,North,Product E,51253.81,919,12289.67
2023-01,Central,Product E,47750.9,605,13674.74
2025-08,East,Product E,23486.08,929,4127.33
2021-04,East,Product E,55852.89,1024,13371.1
2023-11,North,Product B,42159.62,783,12352.75
2020-06,North,Product B,53959.78,552,9244.02
2023-11,East,Product B,41568.59,1131,6755.52
2018-02,East,Product B,33869.95,939,3395.51
2025-08,East,Product C,58993.68,627,10058.24
2023-11,Central,Product B,46462.28,610,7285.55
2022-04,South,Product A,54821.95,1080,13420.06
2024-09,Central,Product D,56416.81,824,9899.44
2021-01,Central,Product A,60803.36,904,15210.44
2021-11,North,Product D,47617.01,1010,7036.46
2022-07,West,Product D,62058.94,814,13608.03
2019-02,Central,Product C,62448.48,842,11214.22
2021-04,Central,Product C,41739.68,854,4308.2
2019-01,West,Product C,67914.24,1324,10226.08
2020-06,North,Product B,36855.64,971,8835.13
2018-03,North,Product B,45758.59,492,5460.51
2023-04,South,Product C,41052.55,672,9290.83
2024-03,South,Product A,49948.44,1052,11513.11
2022-02,Central,Product C,56634.53,442,9279.13
2019-04,East,Product D,16574.86,875,2478.72
2021-10,East,Product D,41994.78,869,6060.76
2018-06,North,Product D,36373.56,623,7178.54
2020-03,West,Product C,54861.54,799,8759.78
2019-02,South,Product B,57094.3,736,12115.97
2020-07,Central,Product D,45113.69,616,8816.82
2019-03,South,Product D,25857.39,952,2853.12
2019-10,South,Product C,46390.11,978,11297.46
2021-08,West,Product B,76746.72,814,15328.23
2018-07,East,Product C,36744.97,857,9336.25
2024-06,North,Product A,39555.6,973,9754.66
2019-11,Central,Product D,63363.69,631,8590.04
2022-03,South,Product A,64909.58,931,9823.4
2018-12,Central,Product A,76996.07,690,17462.3
2018-10,West,Product B,35573.56,886,5464.07
2018-06,South,Product E,60033.78,680,13666.48
2018-06,South,Product E,19991.36,769,2558.0
2018-03,West,Product E,32349.53,925,4553.65
2018-01,East,Product B,29102.79,1046,3595.98
2023-01,South,Product D,64198.27,964,9257.37
2021-06,South,Product E,58857.53,1062,11488.79
2022-01,East,Product D,58431.38,878,16110.95
2022-12,East,Product E,32738.19,791,6135.72
2025-04,West,Product D,65321.87,964,7391.52
2020-08,East,Product B,31829.58,999,6300.28
2025-08,West,Product B,58648.25,1266,10308.98
2025-07,North,Product D,50898.66,965,9128.59
2023-01,West,Product D,55790.5,924,9121.74
2021-02,South,Product A,44136.12,837,11096.11
2021-03,South,Product A,43685.21,818,5081.39
2019-08,East,Product C,50889.69,948,12149.67
2019-06,West,Product A,20022.19,759,5128.99
2024-08,West,Product A,12609.65,974,3268.51
2023-12,South,Product A,47941.82,912,5416.53
2024-02,West,Product C,58740.3,533,6666.13
2024-12,East,Product C,48754.02,843,14465.55
2023-10,Central,Product B,60581.0,731,12380.96
2020-11,West,Product C,62072.25,463,10333.53
2022-06,East,Product A,50041.63,1015,8318.68
2024-01,East,Product B,72248.88,278,19514.52
2021-04,West,Product B,8407.42,1214,1857.55
2018-03,Central,Product A,55660.47,759,6420.32
2018-07,South,Product D,36755.24,791,4426.53
2025-04,Central,Product E,79649.16,905,22958.42
2018-05,East,Product E,73555.69,632,8062.08
2024-12,South,Product D,75745.38,884,21268.94
2025-01,South,Product A,31883.38,1126,6173.76
2023-02,West,Product A,79159.19,786,22989.44
2019-03,North,Product E,72812.77,820,15466.57
2021-07,Central,Product B,40275.74,836,5694.61
2025-07,Central,Product E,36330.8,758,6491.69
2024-05,South,Product E,38758.06,542,5069.25
2022-08,East,Product D,69205.28,1108,14581.41
2019-12,East,Product D,59522.08,856,16635.98
2018-09,North,Product A,48472.02,605,12482.53
2024-06,South,Product B,27484.93,878,7383.59
2019-04,Central,Product E,62445.56,544,13226.11
2020-03,North,Product E,59080.23,715,11788.14
2018-05,North,Product D,48805.83,745,12842.7
2020-12,South,Product C,37514.75,870,7555.83
2022-10,North,Product D,45249.29,1134,13450.47
2018-11,Central,Product C,48032.3,713,12070.36
2021-09,South,Product A,67168.38,875,9897.96
2025-07,South,Product D,58213.04,826,17344.26
2021-03,East,Product A,61624.04,1203,13977.42
2021-01,Central,Product E,82223.59,682,15716.32
2019-06,East,Product D,44722.69,885,9616.77
2024-06,Central,Product E,53117.58,720,9004.28
2018-07,East,Product E,64740.56,607,8367.4
2020-09,North,Product B,42414.51,777,5931.47
2019-11,North,Product A,53981.18,752,11206.73
2019-05,North,Product C,91039.4,913,9444.88
2021-09,North,Product E,52674.65,604,11255.11
2020-06,East,Product C,48878.74,500,14279.84
2020-09,East,Product E,39989.24,872,8727.13
2024-12,West,Product D,56778.46,957,14467.19
2025-06,North,Product B,46184.38,947,5200.5
2020-02,East,Product A,63207.3,866,16242.22
2020-12,South,Product E,56039.85,785,13850.14
2025-01,North,Product E,59511.21,881,12334.88
2024-06,West,Product D,64794.51,652,17891.85
2023-12,South,Product B,45531.57,923,6253.25
2021-03,Central,Product E,52004.5,570,11591.11
2018-01,Central,Product A,48725.5,533,11285.73
2019-11,West,Product D,57636.02,1038,14846.7
2022-02,East,Product A,64134.4,990,9878.58
2021-08,West,Product D,59283.91,458,10855.6
2022-05,North,Product C,61096.39,1097,7573.24
2024-08,West,Product B,60921.13,905,16344.54
2019-04,West,Product C,59571.64,797,8229.21
2021-10,East,Product E,62681.1,907,9849.19
2021-11,West,Product E,70209.3,848,10630.88
2020-11,South,Product E,45760.86,832,9768.48
2020-11,South,Product C,38257.0,607,4681.59
2021-11,East,Product D,48957.32,493,13241.28
2023-10,Central,Product D,56900.34,850,5974.95
2022-05,East,Product B,55278.13,475,7471.09
2018-02,South,Product B,63993.88,1165,8191.22
2020-09,South,Product D,48930.76,873,8133.91
2022-01,North,Product D,66162.41,903,10155.34
2023-07,Central,Product D,39221.86,1166,4821.79
2022-03,West,Product A,47954.71,891,8403.41
2025-07,West,Product E,11838.87,597,1737.63
2022-09,North,Product E,16776.25,985,3600.16
2022-06,South,Product C,17584.16,715,3009.57
2022-08,North,Product D,70594.45,772,20088.71
2019-12,North,Product D,52488.37,906,14216.13
2025-07,Central,Product D,46460.3,702,9423.9
2018-05,West,Product E,41861.22,315,5047.72
2021-08,East,Product C,47106.43,526,4908.43
2020-11,Central,Product A,59296.12,750,15126.18
2019-11,North,Product D,28732.11,935,5925.44
2020-09,South,Product E,50728.09,1016,8980.3
2021-09,East,Product B,34430.29,468,9707.34
2019-09,North,Product B,34788.64,639,3726.72
2019-08,West,Product A,59161.07,264,16769.75
2025-04,North,Product C,79102.35,948,13727.26
2020-07,North,Product B,48123.79,691,13028.99
2018-10,South,Product E,34358.37,840,9212.73
2018-01,North,Product D,30576.02,1091,6836.93
2021-02,West,Product C,38038.09,468,8169.91
2025-07,North,Product B,51413.46,886,13503.78
2023-08,West,Product A,34490.51,1034,9824.77
2018-02,East,Product B,20673.71,616,4296.36
2019-11,North,Product A,29316.25,411,3800.43
2020-03,East,Product C,56849.06,639,9854.4
2024-08,North,Product A,39259.9,912,4279.28
2019-12,East,Product E,58885.11,644,11533.85
2020-03,East,Product E,60734.14,721,6296.02
2024-02,South,Product D,55676.29,834,8209.96
2024-05,South,Product D,32910.71,1140,6397.24
2019-11,North,Product B,58262.19,759,12567.29
2019-02,East,Product C,43559.46,806,6565.46
2018-07,North,Product D,43026.15,763,8398.5
2023-06,East,Product C,57433.94,840,15334.8
2025-02,East,Product C,72472.78,1024,11085.05
2018-02,North,Product C,77985.91,735,19294.12
2022-10,North,Product B,56094.24,774,16757.76
2023-08,West,Product D,39228.25,1331,4758.36
2022-04,Central,Product C,22368.76,482,4218.11
2024-03,West,Product A,41296.13,672,11733.99
2018-12,Central,Product E,67879.98,1066,19022.81
2019-10,West,Product D,58063.19,858,7301.58
2018-04,North,Product C,41561.72,769,9789.23
2022-02,Central,Product D,61238.4,799,7958.66
2023-07,East,Product A,40247.42,534,4918.61
2024-08,Central,Product D,59895.84,387,12373.11
2021-01,Central,Product E,33847.08,572,6718.45
2021-04,East,Product B,72131.81,510,8826.62
2021-04,North,Product C,70623.29,764,12192.28
2022-11,North,Product E,58572.96,1077,10138.11
2025-08,West,Product A,56732.25,553,14870.88
2020-09,East,Product A,32884.61,758,3564.27
2020-06,East,Product B,38428.29,734,10254.43
2019-01,North,Product E,71381.5,637,11805.91
2023-06,East,Product E,45890.72,914,6387.59
2022-05,North,Product A,60155.04,1021,14819.07
2021-10,Central,Product B,55060.04,820,16150.46
2023-08,East,Product D,57159.44,843,7759.05
2025-02,West,Product B,38159.71,512,8854.49
2021-02,North,Product B,51787.58,795,11385.38
2019-09,North,Product E,40166.86,899,11358.56
2022-12,South,Product A,83378.16,697,15524.61
2022-03,West,Product C,80673.72,694,13793.97
2021-05,East,Product E,74945.63,907,15743.63
2024-04,North,Product B,66019.93,919,9606.72
2024-05,North,Product D,36049.35,718,7785.91
2023-04,North,Product D,46030.83,856,9079.91
2022-02,Central,Product A,39866.47,941,5521.78
2019-10,West,Product D,39794.86,737,9684.05
2018-04,North,Product D,43332.81,630,9469.76
2024-01,Central,Product B,64559.51,545,7727.97
2022-07,West,Product C,46282.7,521,13479.37
2021-03,North,Product C,69005.67,771,8265.37
2023-01,South,Product D,75158.41,692,15932.25
2020-09,North,Product E,26319.61,766,5586.36
2023-12,West,Product B,53695.22,658,7038.05
2023-10,Central,Product C,66866.21,1042,8679.8
2024-11,East,Product B,44104.22,755,8605.35
2021-02,North,Product C,68196.13,727,14691.23
2023-08,North,Product E,18168.0,636,3492.08
2020-06,South,Product A,61049.3,1065,8394.62
2025-07,South,Product E,51068.65,629,14179.94
2018-05,West,Product B,64392.44,726,12466.82
2018-08,West,Product D,41677.8,1079,9587.39
2025-01,West,Product C,42845.31,676,10218.14
2021-08,Central,Product E,59627.73,637,16546.81
2021-08,South,Product D,66423.83,541,11538.09
2021-02,North,Product C,54512.63,706,13108.21
2024-08,North,Product C,59226.33,1011,11089.64
2021-04,South,Product C,52580.88,682,6779.03
2023-03,Central,Product A,28437.69,1065,3442.03
2023-04,North,Product E,54621.71,706,13281.68
2024-06,North,Product A,63555.99,1079,18382.89
2021-05,East,Product D,54786.81,1037,12736.53
2018-07,West,Product D,16145.52,927,4075.25
2020-08,West,Product E,49914.14,441,8106.04
2018-01,Central,Product E,46537.04,498,5721.6
2024-11,North,Product D,59925.5,1159,10481.92
2025-08,East,Product A,40814.09,824,4494.82
2019-01,East,Product D,38322.94,834,9998.68
2019-05,North,Product A,58490.86,703,14141.42
2021-02,North,Product A,62691.02,1101,17363.64
2018-12,East,Product E,36881.43,771,9047.46
2019-09,South,Product D,61627.17,971,6282.66
2023-03,North,Product E,68199.05,775,10505.45
2023-12,North,Product B,62128.11,608,7991.62
2020-11,Central,Product E,46691.56,528,6136.79
2023-08,Central,Product E,41643.05,672,9672.43
2024-03,South,Product B,61847.3,885,10890.87
2023-12,East,Product E,58036.63,752,17058.82
2021-05,North,Product B,51653.1,475,13877.75
2018-09,West,Product B,70454.46,511,13648.66
2024-11,East,Product E,54968.34,901,11404.23
2018-02,Central,Product B,39225.28,723,4811.64
2018-12,Central,Product E,50420.91,563,11566.21
2022-06,South,Product E,34433.07,1095,8493.36
2023-08,North,Product A,53995.7,789,7106.29
2019-01,West,Product E,71405.96,800,14118.19
2023-08,West,Product D,71629.31,634,12825.78
2020-04,Central,Product A,59980.92,892,11517.58
2025-07,West,Product A,59415.54,741,8661.1
2020-09,East,Product A,60079.1,770,8351.47
2022-06,West,Product C,45263.65,920,11145.1
2022-07,North,Product B,77015.76,883,11889.45
2022-05,Central,Product B,1245.0,1222,214.59
2019-07,West,Product B,54005.78,895,13399.06
2022-04,Central,Product D,62416.63,960,14383.99
2021-07,North,Product E,69144.85,1145,7342.92
2025-08,Central,Product A,43996.37,1178,5589.55
2019-06,Central,Product C,40074.03,868,10652.23
2022-06,East,Product B,38943.25,512,6656.67
2018-11,Central,Product D,55084.35,1134,9091.4
2018-08,North,Product E,36109.21,553,7559.84
2019-02,West,Product A,66456.13,510,17730.59
2023-11,North,Product D,73403.85,887,17182.02
2020-05,Central,Product E,63113.6,797,11071.6
2023-06,West,Product E,49686.43,678,9797.86
2024-04,East,Product A,46809.65,742,13814.25
2019-03,South,Product C,66034.41,626,16033.19
2020-02,East,Product E,62679.57,968,12758.91
2020-07,South,Product B,49168.6,1082,8667.82
2020-12,West,Product B,50715.09,470,6510.29
2023-05,Central,Product E,38325.61,911,7156.89
2024-11,West,Product D,58202.03,1086,17008.08
2023-07,South,Product D,25640.16,999,5500.67
2020-06,East,Product B,48710.09,852,14527.94
2024-04,East,Product A,43024.5,864,10865.97
2024-03,Central,Product E,58354.22,637,13048.6
2021-11,Central,Product C,54775.59,688,7030.07
2023-05,East,Product C,52501.9,1197,10125.88
2020-09,Central,Product D,32122.76,632,7987.75
2023-05,South,Product D,48139.09,811,8526.04
2023-11,West,Product A,47601.24,696,13866.71
2019-07,West,Product E,43958.64,607,7359.44
2023-03,Central,Product C,50288.05,496,13552.95
2020-03,South,Product B,50001.72,957,13890.84
2024-08,Central,Product A,74308.58,760,21206.34
2024-09,West,Product D,57705.13,667,6354.61
2018-01,South,Product C,37291.68,848,10124.23
2021-08,South,Product E,76518.93,992,7921.28
2021-12,Central,Product A,33043.76,620,9580.01
2023-01,North,Product E,66596.9,678,17181.69
2021-12,West,Product C,66518.29,631,9402.98
2023-12,Central,Product D,48340.26,1063,6694.94
2024-03,East,Product B,69553.43,755,17717.62
2024-04,East,Product B,79680.66,521,20354.08
2019-05,West,Product E,49047.91,624,6148.56
2019-06,South,Product E,69256.09,809,12843.98
2021-11,South,Product D,56551.52,822,8508.05
2023-08,East,Product A,32339.62,746,4899.12
2024-01,South,Product D,63832.6,774,15030.3
2019-02,North,Product A,62140.4,859,12868.0
2018-03,Central,Product A,68327.65,557,10367.7
2021-09,South,Product C,79372.28,969,21741.93
2019-01,West,Product E,47750.51,576,8450.69
2018-11,Central,Product C,25224.75,695,5445.33
2023-06,North,Product B,60828.82,669,7217.96
2024-11,South,Product A,49058.55,1111,7947.22
2024-01,East,Product B,76262.62,553,12692.83
2021-04,South,Product E,51226.29,808,6076.42
2024-02,South,Product A,88926.45,880,15496.07
2020-04,South,Product C,60097.96,909,14085.15
2024-11,Central,Product B,49431.7,964,5081.39
2020-11,North,Product D,41382.01,943,7703.51
2023-05,East,Product E,84139.32,1097,10193.85
2018-07,East,Product C,38778.92,785,9171.82
2021-10,Central,Product C,49380.79,1143,5220.99
2021-05,Central,Product E,50105.57,764,8975.63
2022-02,East,Product A,61948.91,988,17396.27
2022-03,South,Product C,40429.55,856,7363.06
2020-04,West,Product C,58094.55,567,13296.44
2025-03,South,Product B,29694.74,767,6443.72
2025-08,South,Product D,50790.17,576,5581.62
2018-10,Central,Product C,56604.77,955,14334.28
2024-07,Central,Product E,47271.64,822,10968.8
2020-11,North,Product C,81204.71,799,12683.33
2024-03,West,Product B,72354.45,567,16672.07
2020-10,Central,Product A,61537.83,881,16034.89
2018-05,West,Product C,65531.38,371,16727.68
2021-09,North,Product C,45049.21,1110,11047.7
2023-11,East,Product E,56634.1,578,12957.52
2019-02,Central,Product B,43505.21,509,5406.96
2018-04,North,Product D,50088.93,730,10179.2
2025-05,West,Product B,48891.34,932,12217.16
2021-04,Central,Product D,58355.44,1148,16635.44
2021-06,Central,Product E,55414.75,1025,16419.43
2024-04,Central,Product E,24589.41,630,3189.47
2023-03,Central,Product C,51154.63,694,12634.71
2018-03,South,Product C,51073.2,1230,5414.5
2025-08,West,Product C,23462.15,824,5434.3
2021-03,South,Product C,49573.47,978,8853.28
2024-02,West,Product A,73791.71,807,10558.44
2025-06,Central,Product E,77879.13,852,20968.9
2025-08,North,Product E,40558.27,603,6374.19
2020-12,West,Product C,54577.59,646,15543.21
2022-06,West,Product A,42144.88,389,6633.61
2020-10,Central,Product D,41978.18,1096,11135.66
2020-07,South,Product E,23672.51,743,3219.7
2022-08,West,Product C,58447.69,900,13773.66
2022-02,South,Product E,39017.79,341,6224.62
2018-03,Central,Product B,27961.39,990,6251.71
2020-03,Central,Product B,59018.55,1172,7388.44
2020-09,West,Product B,51185.95,940,11316.85
2022-05,South,Product A,64144.76,896,8777.94
2022-11,Central,Product C,54516.85,662,6225.14
2018-11,North,Product A,53421.0,742,13719.53
2018-04,West,Product C,57042.31,828,6260.34
2020-12,South,Product D,63991.3,997,12277.95
2020-12,West,Product E,55381.04,1156,14719.83
2022-10,North,Product B,71305.33,921,17607.01
2019-09,Central,Product A,67733.61,996,20122.1
2018-10,Central,Product E,57115.75,405,7655.96
2023-08,Central,Product D,55346.79,885,14107.11
2020-03,Central,Product D,49384.28,851,14325.24
2020-08,Central,Product B,33579.62,804,9211.54
2022-06,North,Product B,42649.13,779,7372.54
2018-06,North,Product D,43462.67,520,6055.04
2021-08,South,Product D,38033.14,1069,5220.93
2018-02,West,Product E,47876.23,1154,9820.33
2021-10,East,Product D,83049.65,926,24826.1
2019-03,West,Product E,51888.86,901,13500.31
2023-05,West,Product B,41968.24,1139,11660.47
2019-01,North,Product A,70079.39,1017,14767.01
2025-04,West,Product A,61420.14,1046,15572.96
2025-08,East,Product E,45701.15,1037,8422.41
2020-07,Central,Product A,48374.99,693,8867.04
2018-06,East,Product A,70907.88,977,18011.16
2021-08,East,Product E,49649.42,816,6643.76
2020-03,East,Product E,53352.79,661,14491.45
2020-09,Central,Product A,55466.39,1133,9018.72
2019-06,Central,Product C,75031.39,710,22171.11
2021-10,South,Product C,49884.98,832,14604.42
2023-07,Central,Product B,29372.5,974,8025.12
2024-01,Central,Product E,48129.18,751,11327.37
2020-06,North,Product E,35456.46,736,6608.16
2020-07,East,Product E,67277.36,475,19536.16
2025-01,South,Product D,36062.11,660,7864.45
2023-08,Central,Product A,67949.27,724,18265.53
2024-06,North,Product D,47566.0,731,10291.14
2018-09,South,Product D,32798.25,493,9564.72
2021-08,Central,Product E,42115.36,715,5429.18
2022-01,East,Product C,13882.05,847,1973.72
2021-02,West,Product B,56130.27,212,10280.31
2024-11,West,Product A,50966.4,816,13445.26
2024-09,West,Product D,39844.65,1043,6947.71
2018-07,Central,Product B,31304.69,944,6015.59
2020-11,North,Product C,66591.06,815,10155.61
2020-05,East,Product E,98240.3,625,12394.59
2022-12,Central,Product D,3585.66,710,364.39
2022-06,South,Product D,56950.34,835,6672.2
2019-03,East,Product D,45399.69,1097,4786.59
2025-06,Central,Product E,58918.53,758,11828.63
2021-04,West,Product D,61168.84,775,12500.28
2021-07,West,Product C,66933.01,695,15703.75
2018-03,South,Product E,60870.22,1158,17994.06
2024-05,West,Product C,46009.44,667,11713.39
2022-03,West,Product B,59129.85,731,10634.37
2025-06,Central,Product A,55535.14,819,9680.69
2020-04,West,Product A,70927.76,840,17428.37
2022-01,South,Product C,64515.86,524,15125.63
2022-04,West,Product C,43765.72,725,9532.7
2025-08,West,Product C,45536.3,1069,9659.93
2018-01,West,Product E,40866.54,573,8417.25
2020-05,East,Product D,31517.99,1094,5243.0
2021-02,South,Product A,17577.82,718,4255.46
2023-06,North,Product D,37776.82,659,3824.07
2019-10,West,Product E,60876.5,860,14431.85
2022-04,East,Product D,55535.92,1273,14009.11
2022-05,East,Product D,40581.84,569,11156.59
2019-04,East,Product C,35802.72,764,6776.26
2023-02,East,Product C,56745.93,552,10442.7
2024-04,South,Product C,48542.16,803,13395.65
2023-01,Central,Product D,43492.29,839,10830.9
2023-06,North,Product B,24367.44,770,3104.9
2020-03,South,Product E,56314.59,796,15162.23
2024-12,West,Product D,54082.99,531,6215.42
2018-12,South,Product E,47406.9,745,13156.92
2024-06,East,Product D,32882.56,552,8148.14
2020-10,East,Product E,46889.84,701,9129.53
2021-01,South,Product C,77569.13,884,23243.62
2020-07,North,Product E,49723.79,874,6584.84
2023-07,East,Product E,59400.09,819,9494.1
2021-04,North,Product E,26776.07,955,6945.67
2021-05,West,Product A,22761.02,841,5960.86
2020-04,East,Product E,67976.98,1024,15668.83
2018-07,North,Product C,15697.28,533,2700.37
2020-09,East,Product B,40521.35,737,11159.83
2025-03,East,Product A,47024.73,972,12291.02
2022-01,East,Product C,29723.04,651,3208.7
2018-10,Central,Product D,29675.05,508,7591.95
2022-04,North,Product A,49250.47,788,13318.78
2019-07,South,Product D,65042.15,1137,9143.96
2018-09,Central,Product B,42845.36,937,9567.02
2019-05,South,Product D,67488.17,737,11886.64
2018-04,North,Product E,73963.19,667,10409.91
2018-12,East,Product E,31393.54,970,3952.22
2022-08,East,Product B,57231.44,1202,10216.84
2022-09,West,Product E,38242.37,729,7390.39
2024-05,West,Product D,52903.8,511,8231.39
2023-10,East,Product E,39256.0,876,4342.28
2019-02,West,Product C,38419.97,909,5660.68
2021-12,East,Product E,78872.58,857,19106.21
2022-07,North,Product E,38687.16,763,7944.52
2020-07,West,Product B,54515.02,914,16038.23
2020-09,Central,Product D,29185.97,570,3453.47
2018-05,North,Product A,51658.24,504,11868.98
2019-09,Central,Product B,69291.56,568,11028.26
2024-02,South,Product B,40022.9,1058,11044.88
2020-08,South,Product E,53985.25,749,8007.5
2021-11,East,Product E,53237.78,962,10149.59
2020-06,East,Product A,53625.75,535,12308.22
2018-08,East,Product D,45453.56,741,9316.14
2024-10,East,Product C,37157.85,1005,8342.74
2021-01,Central,Product D,49620.6,642,10887.99
2021-05,Central,Product D,65289.01,711,13425.35
2023-09,Central,Product B,26356.48,721,6201.46
2019-11,East,Product B,67130.82,694,13404.78
2023-03,West,Product A,3196.26,999,749.48
2018-11,South,Product E,52075.38,528,7652.35
2023-07,North,Product D,38583.52,484,8682.52
2022-07,East,Product C,71951.26,873,19556.91
2019-04,Central,Product C,28935.25,683,3267.4
2018-07,East,Product C,43735.15,625,9437.95
2022-08,West,Product B,53686.76,612,9768.27
2019-02,Central,Product E,61194.16,980,10538.74
2023-09,East,Product D,46226.86,1034,8795.7
2020-01,East,Product A,48102.12,1170,13949.27
2018-03,South,Product B,62104.7,800,9281.56
2019-05,South,Product B,66885.2,848,8763.22
2019-02,East,Product D,57485.56,891,16019.58
2021-03,West,Product E,23447.97,805,5188.09
2023-05,East,Product C,47933.21,632,7869.34
2018-12,East,Product C,44610.63,758,6902.44
2024-05,South,Product D,56321.71,736,15794.11
2023-04,North,Product A,73868.23,908,8319.77
2021-04,West,Product D,56108.0,752,16273.21
2025-07,Central,Product A,44621.98,678,11675.0
2021-08,South,Product A,50842.19,607,10907.01
2020-03,West,Product C,33371.64,674,4072.25
2022-04,Central,Product D,61105.29,652,7765.28
2018-07,East,Product C,73597.04,1109,9244.15
2018-12,North,Product E,50988.97,268,10423.0
2020-02,West,Product E,50766.67,892,7800.52
2018-08,Central,Product D,33897.33,1036,8915.98
2023-12,Central,Product C,60978.72,773,17088.72
2023-01,West,Product D,64466.26,771,12474.74
2024-07,West,Product B,61056.06,740,11305.35
2022-11,Central,Product D,64863.64,918,8969.93
2025-07,North,Product E,50303.72,882,5498.88
2024-12,South,Product D,43272.32,905,5239.84
2025-05,East,Product A,70329.77,1084,17682.25
2018-10,South,Product C,39929.96,766,5607.31
2023-03,North,Product C,51163.98,873,7589.8
2023-04,Central,Product B,67889.09,560,13996.12
2023-02,West,Product A,53043.4,744,6497.79
2018-02,Central,Product A,55269.43,697,13397.7
2023-02,East,Product D,59631.82,648,14423.48
2021-10,North,Product B,34141.4,623,9496.72
2024-03,West,Product E,62333.04,936,18634.58
2024-09,West,Product E,59317.59,619,6823.05
2021-11,West,Product B,47851.26,879,11610.78
2025-01,North,Product D,27116.3,1160,3541.37
2020-08,East,Product E,40726.45,669,9524.5
2020-01,North,Product E,61069.02,671,7135.47
2021-04,South,Product E,50077.15,648,10011.04
2018-04,West,Product B,42986.98,823,9870.51
2022-10,North,Product C,33352.41,599,7513.4
2023-06,South,Product A,57159.97,1006,10956.58
2020-03,East,Product E,55244.98,684,16337.0
2019-03,East,Product C,10778.87,794,3034.72
2025-04,Central,Product D,58688.19,613,6698.19
2022-07,West,Product A,45780.6,776,12194.76
2018-10,North,Product A,48124.44,757,6525.83
2025-03,Central,Product D,64366.57,887,7500.7
2024-10,South,Product B,65407.87,796,7559.76
2018-08,East,Product E,71596.41,606,17364.66
2021-12,East,Product E,41245.09,1047,6370.34
2018-02,Central,Product B,28296.06,764,6268.41
2025-02,Central,Product A,74355.23,1146,7975.29
2023-12,East,Product B,20128.36,500,5588.28
2024-05,South,Product B,54763.09,415,7051.51
2025-01,Central,Product E,51990.27,689,11875.17
2023-09,East,Product B,35562.52,816,9225.62
2020-03,East,Product C,45778.05,310,5918.83
2020-01,North,Product C,51302.37,1009,11322.42
2025-01,West,Product B,39088.01,555,10422.0
2025-07,South,Product B,36102.24,856,3628.05
2023-07,South,Product D,28160.22,718,3210.46
2024-11,North,Product D,29393.34,680,7862.75
2024-02,East,Product B,34318.18,600,8873.76
2019-10,South,Product E,52425.18,476,7690.9
2021-02,Central,Product A,44107.34,1021,11680.94
2025-05,West,Product A,59100.58,717,11943.37
2020-07,South,Product B,61318.74,833,13833.73
2018-02,East,Product E,55752.35,395,6537.93
2019-11,West,Product E,35887.27,619,5999.62
2020-11,Central,Product E,69050.74,720,17422.2
2020-03,West,Product C,52184.1,831,12329.21
2018-11,South,Product D,60302.89,573,17042.01
2019-12,West,Product C,42739.71,960,9871.64
2023-12,West,Product C,37228.23,1081,5326.69
2019-05,West,Product D,32767.4,636,5104.74
2022-12,East,Product C,62190.79,740,15580.48
2023-03,North,Product C,30410.55,1162,6100.62
2022-10,West,Product C,51379.2,523,8797.33
2022-01,Central,Product C,68298.99,938,11718.58
2021-07,South,Product A,65874.1,692,11701.49
2020-09,North,Product B,56750.76,657,6529.04
2022-02,North,Product A,52583.12,653,7707.62
2024-01,Central,Product C,26502.07,1122,3661.53
2021-04,East,Product E,55686.85,693,15991.18
2021-02,West,Product C,69559.79,566,10742.19
2022-10,Central,Product B,75275.97,396,16285.06
2020-12,North,Product B,53906.28,1054,8630.71
2022-04,South,Product A,38409.03,687,8832.54
2018-11,North,Product C,48019.4,723,5020.98
2018-08,West,Product D,35077.91,766,6432.17
2022-04,East,Product E,74199.23,782,10552.5
2023-12,South,Product D,52161.75,957,12585.37
2018-03,North,Product D,62307.13,610,10711.71
2019-07,East,Product E,24731.83,391,7364.17
2018-12,East,Product C,64849.42,874,12537.19
2022-09,Central,Product E,30326.01,1040,5378.11
2023-04,South,Product D,62702.81,696,8349.88
2020-12,Central,Product C,36214.7,603,8477.96
2020-12,North,Product A,62353.19,803,16954.68
2023-08,East,Product B,65939.48,1098,14807.62
2025-05,East,Product D,61246.6,729,14173.37
2023-06,South,Product E,68736.74,971,7413.91
2025-06,Central,Product A,56675.26,985,12249.74
2018-11,East,Product B,40172.81,1005,10344.15
2020-08,West,Product D,55677.11,855,15891.68
2021-08,South,Product E,59593.38,931,7524.15
2024-09,North,Product D,53604.07,820,6485.26
2020-10,East,Product A,75332.33,682,17261.14
2020-02,Central,Product D,39200.27,688,9072.61
2022-12,South,Product A,58692.48,747,17243.87
2021-07,East,Product D,68478.64,820,8893.48
2020-07,North,Product D,25310.92,794,5477.33
2022-02,West,Product D,77429.38,629,8841.09
2024-04,South,Product E,41689.33,835,12212.79
2024-09,South,Product B,37947.04,1350,4135.22
2018-02,South,Product E,39218.47,683,9600.58
2022-09,South,Product A,36959.26,1081,4798.69
2022-08,South,Product C,69365.78,1180,16378.98
2022-11,West,Product D,37948.86,900,3893.74
2018-12,Central,Product E,69780.52,901,16367.59
2021-05,West,Product E,56319.34,640,10159.96
2022-11,East,Product B,75448.51,776,10450.4
2024-11,West,Product B,41307.6,850,5606.53
2025-07,North,Product E,28545.15,701,7805.18
2024-09,Central,Product B,36528.48,1117,8779.07
2022-03,Central,Product E,58346.57,763,15665.95
2019-05,West,Product A,22958.92,948,3475.74
2020-07,South,Product D,53744.39,984,12830.69
2020-02,Central,Product E,46959.57,659,13284.95
2024-04,North,Product E,48080.38,616,9647.82
2020-03,Central,Product A,36578.99,585,7723.26
2024-12,West,Product E,31976.97,532,3527.72
2024-01,South,Product C,63861.47,1100,14624.05
2022-04,South,Product A,44313.95,793,5957.01
2022-01,North,Product C,51824.81,530,15290.51
2025-05,North,Product E,39694.32,759,7153.47
2023-08,South,Product C,47432.43,834,8226.01
2024-09,East,Product B,37904.23,639,8133.86
2018-04,West,Product B,51805.39,868,11211.68
2020-12,Central,Product A,42469.71,618,10476.09
2022-04,West,Product D,62000.49,850,6876.85
2019-01,Central,Product A,63290.41,858,10494.86
2018-02,Central,Product E,57339.06,786,7971.78
2020-11,Central,Product E,55695.6,431,16189.62
2023-12,East,Product E,48573.21,800,10840.33
2021-09,West,Product C,33640.6,1229,6931.93
2020-05,East,Product B,59627.16,800,11985.4
2023-08,East,Product D,38554.23,1090,7884.69
2020-07,South,Product E,71283.56,906,20769.55
2023-10,North,Product E,63380.16,818,8637.3
2019-06,West,Product A,60966.64,718,10390.13
2024-02,East,Product B,57077.14,1019,7269.15
2020-02,West,Product D,46258.54,802,5754.85
2020-12,South,Product B,62066.16,1016,7860.29
2021-07,West,Product C,56368.78,735,6234.07
2018-05,North,Product C,63626.21,942,18246.71
2020-01,East,Product E,64827.89,812,6523.86
2024-10,Central,Product E,0.0,549,0.0
2021-07,North,Product D,60719.79,718,15129.07
2024-12,West,Product E,32194.03,990,3318.95
2018-01,East,Product E,27386.22,981,8033.46
2024-01,East,Product A,51502.51,714,8670.38
2022-01,East,Product B,31737.51,541,8000.75
2024-01,South,Product B,68143.13,1098,19137.26
2023-03,West,Product A,52639.67,498,7625.41
2021-11,West,Product A,75589.35,635,11018.08
2021-06,West,Product A,61170.37,775,10223.84
2022-08,West,Product D,70428.51,1023,8492.08
2024-07,North,Product C,50481.73,1017,11709.18
2020-04,South,Product D,47276.46,807,7800.5
2018-04,Central,Product C,65237.85,506,16461.17
2023-05,West,Product B,45927.19,969,6333.53
2020-06,West,Product D,51278.86,759,13526.41
2019-04,Central,Product A,43852.9,654,11305.49
2024-06,North,Product D,55057.92,675,16437.4
2022-07,Central,Product D,19595.47,883,3673.09
2019-08,South,Product E,52201.21,865,7692.79
2018-04,East,Product D,46610.19,984,5018.12
2025-02,Central,Product A,77246.31,1028,18806.12
2022-06,East,Product D,66656.69,899,16699.19
2023-09,East,Product B,39565.32,611,11674.4
2021-05,West,Product D,53772.36,670,8163.81
2018-02,North,Product A,47753.21,872,7963.08
2020-12,Central,Product D,48754.58,874,13662.87
2019-02,South,Product B,72377.28,751,9462.6
2023-03,East,Product A,37512.67,1156,4811.94
2021-04,East,Product E,35128.37,624,9978.3
2023-01,West,Product A,52965.73,825,6128.25
2022-06,West,Product B,58356.86,517,13391.47
2025-08,West,Product E,32362.84,769,8566.92
2024-03,Central,Product D,71847.07,626,18850.23
2022-10,Central,Product E,42946.98,605,9493.3
2020-03,South,Product A,40682.98,611,9167.75
2021-02,West,Product A,45667.57,640,12196.84
2021-05,Central,Product E,43516.51,905,4480.49
2019-03,West,Product B,28315.85,808,7153.66
2020-08,North,Product B,29201.89,556,3767.41
2022-08,North,Product C,71909.02,1095,19699.19
2018-08,West,Product C,67706.43,835,11101.42
2024-09,South,Product E,38139.34,508,8379.31
2025-02,West,Product E,64424.6,596,14526.9
2020-02,Central,Product D,59049.82,1053,7051.89
2019-05,North,Product E,62557.0,774,16155.78
2019-12,North,Product A,41971.31,757,12541.5
2023-11,West,Product E,51993.87,656,6707.36
2024-06,West,Product C,83472.45,729,19812.34
2023-03,South,Product B,56033.03,822,10661.85
2020-04,West,Product A,51930.93,552,14672.49
2024-01,West,Product B,46259.48,573,12049.15
2022-12,North,Product B,57548.56,890,15498.05
2019-01,South,Product C,60324.28,633,17474.55
2023-10,East,Product A,31295.2,560,6135.67
2019-03,East,Product B,33388.09,876,3475.85
2022-03,South,Product D,50571.39,522,9607.94
2021-04,West,Product C,18633.79,794,4213.87
2021-12,West,Product E,69534.47,739,16286.28
2020-10,North,Product A,52429.83,743,6672.78
2019-11,Central,Product E,49593.08,567,8172.88
2023-06,South,Product A,51598.17,926,6438.5
2021-08,Central,Product D,39297.95,1131,6344.33
2021-05,West,Product B,47662.86,735,7686.9
2021-12,East,Product D,47181.59,886,8119.57
2021-05,East,Product E,42220.62,903,11583.2
2022-04,East,Product D,65569.56,853,14221.27
2022-03,North,Product A,73759.05,448,17790.72
2023-08,South,Product C,65766.83,634,17771.56
2024-04,Central,Product A,62327.72,1131,8031.31
2024-06,Central,Product A,37547.54,1193,4464.28
2025-03,West,Product B,47895.78,1064,9904.43
2018-02,West,Product B,44492.85,1024,4549.57
2023-11,East,Product A,46742.77,907,6774.85
2022-01,West,Product B,45024.34,957,9690.78
2024-08,South,Product A,29733.88,632,6012.81
2018-04,West,Product D,59306.9,763,16331.61
2023-09,North,Product C,53773.89,702,15840.26
2024-06,West,Product C,56525.64,1163,6676.23
2019-09,Central,Product D,50674.43,712,11097.04
2024-03,East,Product E,64348.24,597,14237.26
2020-05,East,Product E,60454.97,937,10410.42
2021-12,East,Product A,33571.45,547,4468.84
2024-01,West,Product E,40729.52,969,6763.2
2022-09,East,Product E,70423.07,803,18581.62
2020-08,East,Product E,45719.6,845,5712.42
2018-05,West,Product A,65667.9,829,19560.69
2023-06,South,Product C,64064.75,930,16231.13
2024-10,North,Product A,48389.53,863,14231.24
2024-12,Central,Product E,50413.8,985,14173.13
2019-11,West,Product D,60665.69,565,12146.12
2020-09,Central,Product A,35321.11,579,5081.17
2022-03,Central,Product D,24744.08,946,5640.88
2023-04,West,Product B,29745.23,850,7028.48
2019-01,Central,Product A,69195.11,1201,8985.69
2018-05,Central,Product B,21184.8,931,3575.92
2021-06,West,Product A,43629.09,667,7999.72
2021-10,North,Product C,80521.24,964,11456.77
2019-03,West,Product B,57797.44,663,6746.61
2025-02,East,Product E,35236.9,996,7571.9
2021-09,North,Product C,54995.03,865,14660.2
2020-12,East,Product B,53708.05,1153,13218.53
2020-09,East,Product D,54075.26,822,11489.55
2020-10,West,Product E,60955.47,744,10060.56
2023-05,North,Product D,38265.61,1084,4895.22
2024-01,North,Product E,71649.25,842,10049.0
2025-01,East,Product B,56837.57,688,9086.47
2021-10,Central,Product A,66288.89,861,18128.01
2019-04,East,Product C,70647.84,840,11455.64
2020-04,South,Product A,63593.24,834,16446.03
2019-02,East,Product B,51871.93,340,7600.99
2023-06,East,Product C,41587.4,727,10092.27
2024-06,East,Product C,71354.98,1037,17790.96
2021-03,Central,Product E,56265.13,1096,8561.2
2018-04,North,Product E,70654.66,639,13101.58
2023-01,West,Product A,29890.28,516,8855.82
2020-04,South,Product B,30957.13,858,9250.07
2019-09,North,Product C,56576.84,493,16447.72
2024-04,South,Product C,63215.2,1017,9630.75
2020-06,South,Product E,26449.11,684,3695.42
2023-01,North,Product A,49783.44,597,9627.18
2018-04,North,Product B,32594.95,1086,3646.74
2021-06,East,Product D,52582.18,903,6319.49
2020-08,North,Product E,62121.59,1230,8796.47
2023-10,East,Product A,43298.34,1053,5710.97
2022-10,Central,Product C,71464.53,951,12237.17
2024-11,West,Product A,28861.14,889,6280.12
2018-09,West,Product E,45158.43,951,9100.06
2021-03,North,Product A,66356.73,715,16855.75
2021-11,South,Product E,55459.19,752,6594.27
2021-06,West,Product E,35515.26,762,4536.16
2020-03,North,Product A,66846.21,784,9013.56
2019-10,South,Product C,47873.21,921,8944.64
2019-03,Central,Product D,66063.11,773,9524.09
2021-04,West,Product C,41068.63,827,9110.98
2022-01,South,Product D,56037.79,929,6448.65
2020-02,West,Product B,52106.15,848,9279.22
2022-09,Central,Product E,55064.85,883,8981.51
2025-03,West,Product B,49750.04,729,5925.62
2025-05,South,Product A,78959.63,1005,10856.62
2020-01,North,Product C,55561.7,1053,10275.73
2023-09,East,Product A,28589.38,905,5701.47
2021-01,Central,Product E,50470.53,812,5878.62
2023-06,West,Product D,22648.71,1042,6269.68
2019-04,South,Product C,43260.72,606,5715.28
2025-02,East,Product B,51893.94,1043,12536.11
2021-11,West,Product D,36701.5,645,4436.58
2023-02,West,Product E,63225.45,913,14678.82
2020-01,North,Product A,30826.37,807,7025.81
2024-07,Central,Product A,42508.64,1007,7874.34
2021-03,South,Product E,64439.2,808,10909.55
2019-01,South,Product C,41594.22,825,11311.65
2023-04,Central,Product D,44884.97,418,12253.59
2021-08,South,Product A,40183.31,925,6317.79
2021-01,Central,Product A,79198.61,712,17512.23
2021-01,Central,Product A,60604.63,849,14636.66
2022-06,East,Product E,64805.22,495,7124.58
2019-04,West,Product E,33670.48,1303,8019.47
2023-12,Central,Product E,45893.92,1014,4793.36
2018-02,South,Product C,46825.79,426,13971.47
2021-05,East,Product E,42348.12,564,4375.55
2024-09,Central,Product A,56576.14,421,15837.84
2024-09,North,Product A,67061.81,457,19825.57
2018-01,West,Product D,47760.3,286,8183.55
2018-01,East,Product E,45878.56,794,9363.66
2024-10,West,Product D,53931.74,471,11093.68
2020-02,West,Product C,34526.86,969,9743.66
2023-08,East,Product B,76780.09,628,9545.49
2019-07,North,Product C,63852.21,1149,14333.9
2019-07,East,Product E,31921.29,311,8853.75
2021-12,North,Product E,43959.98,698,4494.81
2019-08,East,Product B,51336.11,722,10973.61
2023-02,South,Product D,64055.85,887,16465.86
2025-03,East,Product A,41844.45,488,9884.74
2021-02,East,Product B,59137.84,448,13226.92
2024-12,West,Product C,10293.32,727,2734.58
2022-12,Central,Product C,57815.06,880,10642.93
2021-03,West,Product E,40910.84,807,4329.93
2018-04,North,Product D,56401.85,662,11444.16
2019-09,East,Product D,62337.35,842,7897.15
2022-08,South,Product E,48826.17,596,6663.1
2019-12,Central,Product D,36153.21,785,7003.9
2022-05,West,Product A,51629.17,564,11023.21
2020-08,East,Product D,41384.49,807,6721.93
2024-01,East,Product C,46384.19,854,13465.72
2021-12,South,Product A,68933.62,663,8764.41
2024-04,South,Product D,28053.48,848,7631.7
2024-03,South,Product C,30195.38,1024,4488.05
2020-03,West,Product A,51869.41,945,7712.8
2020-11,East,Product A,74912.82,712,21387.03
2019-08,Central,Product E,47526.15,822,6458.94
2021-03,North,Product D,59152.0,868,5918.83
2021-07,Central,Product A,49591.34,489,11063.6
2023-09,Central,Product B,39874.41,1039,9492.42
2019-05,West,Product B,59969.94,760,10543.08
2020-09,Central,Product C,61909.03,842,13401.22
2023-05,South,Product B,33549.1,887,4442.87
2024-06,South,Product B,27320.22,717,6176.7
2021-09,East,Product D,70799.04,1086,9096.86
2025-04,North,Product C,55571.89,817,16533.23
2019-01,South,Product A,45885.9,735,8448.04
2019-02,West,Product A,56775.5,755,16068.6
2025-04,North,Product C,33236.21,1109,6077.2
2019-08,West,Product C,44455.35,878,9830.07
2019-03,East,Product E,50063.33,186,14631.45
2021-03,West,Product C,48002.5,790,8957.79
2020-01,Central,Product B,99765.31,557,29166.26
2025-05,North,Product B,75879.63,928,13928.73
2023-02,North,Product C,71441.97,827,20979.92
2020-08,West,Product B,48654.95,1039,10283.69
2019-05,South,Product E,44380.08,581,9631.56
2020-10,Central,Product C,41591.64,1138,10211.81
2018-12,South,Product D,47214.73,486,13370.8
2019-10,South,Product E,56330.22,756,10445.24
2021-09,West,Product A,36392.14,735,4861.66
2024-10,East,Product E,56938.22,875,16178.14
2019-07,North,Product D,45197.1,876,4551.06
2024-04,East,Product E,67538.29,763,11317.96
2022-07,West,Product C,19755.59,863,2938.49
2025-07,North,Product C,44192.26,872,8605.69
2024-08,South,Product A,48817.12,828,8919.17
2018-10,North,Product E,55053.34,880,8093.51
2025-02,Central,Product C,32088.25,772,5235.31
2020-06,East,Product C,82153.23,862,11032.08
2024-04,West,Product B,33187.81,797,8728.11
2022-01,South,Product A,31932.38,842,4388.39
2024-07,West,Product C,66817.33,732,7848.9
2024-01,East,Product C,61424.59,718,11180.04
2020-03,South,Product C,40530.94,1129,5076.97
2021-03,East,Product A,30199.12,609,6652.82
2024-06,South,Product D,73204.9,1044,20652.62
2022-09,North,Product D,58052.37,1130,11455.69
2020-11,South,Product A,96450.43,486,13539.75
2020-03,East,Product E,62986.78,786,13454.61
2018-03,Central,Product C,59264.31,1044,9965.17
2025-01,North,Product A,18351.38,743,4557.6
2019-09,North,Product E,53394.74,899,7984.07
2019-12,Central,Product C,36999.82,648,8572.91
2018-03,West,Product A,66027.53,766,14674.68
2022-12,Central,Product B,42202.62,837,7521.09
2018-07,Central,Product E,65114.73,657,10713.49
2019-11,West,Product A,59395.34,615,12800.62
2019-05,West,Product E,69671.14,759,7159.62
2021-08,West,Product E,50735.56,485,11767.3
2022-07,Central,Product E,62381.78,857,17616.22
2024-12,North,Product E,41312.21,964,11752.48
2024-01,Central,Product E,68614.48,863,18684.96
2019-05,East,Product E,51790.01,704,12361.11
2022-08,Central,Product E,40316.56,805,6359.15
2023-02,Central,Product D,32640.99,859,3363.47
2020-02,North,Product A,66297.96,904,12387.48
2024-10,Central,Product E,82987.82,972,23791.14
2021-10,Central,Product A,33247.7,633,6749.37
2018-12,Central,Product A,64056.73,759,12587.14
2020-11,West,Product B,58270.7,876,10388.38
2020-08,West,Product C,33732.94,798,4151.26
2019-07,East,Product D,64734.31,1070,8782.81
2019-12,East,Product C,38796.96,752,8729.03
2021-03,East,Product B,36687.91,346,8411.97
2018-09,Central,Product D,50591.93,588,15026.77
2023-03,West,Product B,69940.92,745,11262.44
2024-10,North,Product D,62973.25,1078,7322.45
2021-01,Central,Product C,44432.87,800,12442.06
2020-01,Central,Product E,50045.4,976,7704.0
2025-04,West,Product D,45567.79,981,8152.28
2025-02,South,Product C,69051.68,659,7742.04
2022-10,East,Product B,44245.67,851,12543.34
2022-01,North,Product E,42631.05,859,7998.76
2024-10,Central,Product C,59254.85,1287,11394.62
2019-01,East,Product A,61718.86,1028,11923.86
2024-03,North,Product E,41597.13,810,11812.77
2019-06,West,Product C,57836.96,729,16182.68
2021-11,West,Product A,46858.53,952,6533.97
2020-09,East,Product D,0.0,1089,0.0
2019-02,East,Product C,49603.68,794,6978.52
2024-08,North,Product C,38455.81,594,5730.93
2024-11,Central,Product E,50611.42,803,5207.8
2022-05,South,Product B,52486.29,975,9937.42
2020-05,East,Product A,41367.55,736,7719.33
2022-03,South,Product D,39269.94,850,4091.55
2018-09,Central,Product B,45241.47,1221,7399.97
2024-02,North,Product D,60556.94,726,13359.52
2025-08,Central,Product A,56514.01,851,8311.05
2018-07,North,Product E,30477.88,906,7754.79
2022-10,West,Product B,44594.92,989,7900.62
2018-10,East,Product C,52707.57,903,15501.05
2024-04,North,Product C,53660.99,782,5601.58
2019-09,East,Product B,62381.21,1192,15738.87
2019-09,South,Product A,80970.12,758,21248.3
2018-09,Central,Product E,33635.23,782,8172.33
2023-12,South,Product C,57573.0,834,13971.44
2023-11,East,Product D,32094.32,999,8792.39
2019-06,West,Product E,48107.88,865,8868.15
2025-03,North,Product C,60587.64,964,9138.83
2020-01,North,Product D,35270.16,742,5787.9
2024-09,East,Product C,44979.58,966,11567.2
2024-07,West,Product C,59326.37,623,13349.88
2025-03,North,Product C,42622.04,717,5886.63
2018-05,West,Product C,59587.35,825,13237.74
2025-03,West,Product D,57599.23,848,5885.44
2019-04,North,Product A,57685.54,1011,9001.08
2020-04,West,Product E,36812.96,416,9152.26
2021-02,North,Product C,35379.71,1200,6769.05
2020-12,Central,Product C,49286.85,1039,11010.47
2020-12,East,Product E,80333.19,905,12513.02
2023-01,East,Product B,52830.5,899,7762.4
2020-10,West,Product D,55023.65,1093,12865.58
2021-06,East,Product C,52659.46,799,10424.32
2020-11,North,Product B,39553.24,662,7593.09
2020-09,West,Product E,46672.91,702,8239.84
2019-01,North,Product B,30018.07,879,6025.75
2019-07,South,Product B,59760.92,1162,10723.89
2022-01,South,Product D,37203.71,1122,3929.78
2018-06,East,Product E,41658.16,670,6443.13
2025-04,East,Product B,47274.7,910,8502.6
2021-12,Central,Product B,48190.8,596,10139.39
2024-05,Central,Product A,16179.25,833,3939.8
2019-01,South,Product E,39882.62,780,7754.65
2025-07,West,Product C,44150.42,597,6172.62
2024-08,Central,Product D,75485.91,820,17859.03
2020-12,South,Product B,53017.84,786,13580.92
2021-03,Central,Product C,38341.97,980,8949.54
2022-01,West,Product A,54899.48,730,8287.63
2021-03,South,Product C,58706.56,995,12221.9
2022-10,North,Product C,55505.7,855,13852.36
2019-04,South,Product C,60947.65,764,7017.91
2020-08,North,Product C,66042.69,430,14434.45
2021-12,South,Product D,46005.47,727,11962.04
2024-08,East,Product C,47947.22,754,7240.6
2022-06,North,Product D,39901.31,1004,8689.21
2025-03,East,Product C,27457.97,759,6802.61
2020-05,Central,Product B,43720.93,1083,7321.51
2021-02,Central,Product E,42853.07,666,11929.32
2023-03,East,Product D,55664.28,888,16552.22
2023-03,South,Product A,70292.03,951,19932.39
2024-10,North,Product A,50836.1,932,5153.97
2020-08,South,Product C,25651.73,368,4619.39
2021-01,East,Product B,49982.76,985,9466.11
2020-04,East,Product C,53659.55,770,10434.25
2023-02,West,Product B,61606.18,532,17921.19
2022-01,Central,Product A,41175.18,682,9852.69
2021-08,West,Product C,46529.36,795,12028.13
2020-06,East,Product D,51200.41,1080,12136.65
2022-03,Central,Product A,22012.4,805,3544.85
2024-04,Central,Product D,13041.7,419,3008.61
2025-01,Central,Product E,63617.91,803,8390.46
2018-05,Central,Product A,65715.52,873,9812.73
2025-07,North,Product D,28957.9,976,3496.77
2024-06,Central,Product A,48802.12,608,6786.16
2018-09,East,Product A,67114.44,890,18625.33
2019-03,East,Product B,70946.99,384,17224.38
2019-10,South,Product E,92021.16,952,10862.94
2018-11,South,Product E,31938.7,587,3884.59
2020-12,West,Product C,68503.26,857,8598.1
2022-01,Central,Product D,31246.55,920,5722.04
2021-06,North,Product A,47786.77,404,10511.64
2019-06,South,Product C,49712.95,940,6116.85
2023-06,Central,Product B,56682.05,740,12899.72
2022-08,East,Product C,37294.3,858,8646.99
2020-09,North,Product D,57529.9,1088,12067.17
2021-11,Central,Product D,47637.29,655,7977.51
2018-04,South,Product C,46366.87,932,7163.2
2021-02,West,Product B,47172.7,717,7738.49
2018-12,Central,Product E,43463.75,891,7481.51
2019-10,Central,Product E,52399.82,919,14476.93
2021-11,South,Product E,41626.95,958,12427.32
2025-04,West,Product A,64439.11,729,14613.29
2018-01,Central,Product C,44784.15,1012,9277.48
2018-09,North,Product A,58613.06,720,8789.89
2018-11,East,Product A,52683.98,786,11482.25
2020-05,South,Product E,32227.4,894,5831.84
2022-09,West,Product A,52090.27,673,12679.15
2018-04,Central,Product A,64341.94,595,16256.35
2018-04,South,Product E,34033.35,761,6010.88
2022-02,East,Product C,40498.88,844,6843.93
2022-12,Central,Product C,40110.51,752,10796.96
2022-06,North,Product C,31570.68,1170,6340.49
2021-02,West,Product E,37783.6,869,9404.39
2019-01,North,Product B,57182.07,448,12599.53
2021-09,South,Product C,59550.47,663,6053.8
2018-06,East,Product C,36402.38,654,6405.76
2018-09,North,Product A,44192.94,699,6823.0
2022-11,East,Product A,51815.51,758,13344.78
2025-01,Central,Product C,36477.08,858,4167.13
2021-09,Central,Product E,12241.54,862,3500.7
2022-08,South,Product B,37897.82,884,6506.49
2019-04,East,Product D,44194.2,741,8999.95
2022-11,North,Product B,40738.21,837,5256.37
2020-06,East,Product C,45349.37,963,5738.42
2019-12,North,Product C,76758.78,799,15431.45
2021-02,West,Product A,73617.37,1092,18981.79
2018-05,West,Product C,37757.24,830,6485.21
2025-06,South,Product D,76284.65,820,7918.46
2022-09,West,Product D,49008.82,707,11805.56
2023-02,South,Product C,25967.61,850,3095.91
2019-12,East,Product D,60131.71,977,10331.79
2021-05,Central,Product C,65520.75,1076,15482.94
2023-12,West,Product A,69945.96,987,16001.72
2020-04,South,Product B,42471.59,691,4348.91
2021-12,East,Product D,65866.46,505,18369.87
2018-12,East,Product A,45872.26,734,13495.5
2018-07,West,Product D,44870.31,1022,12556.71
2021-03,South,Product D,34388.87,789,7931.08
2024-05,North,Product A,55069.43,786,12200.89
2025-03,West,Product E,65587.66,671,11282.51
2021-06,Central,Product D,0.0,1056,0.0
2022-05,West,Product D,54923.25,374,7013.5
2020-11,West,Product A,38734.6,979,9612.02
2023-09,East,Product B,66104.15,624,12731.31
2018-12,West,Product D,10070.3,940,2981.9
2021-11,North,Product A,75192.53,739,9890.94
2023-12,South,Product E,52634.42,487,8880.71
2020-12,South,Product C,44438.05,1245,12749.86
2020-02,East,Product C,36859.96,945,10344.55
2023-01,East,Product B,40699.49,878,5928.17
2025-03,South,Product E,44533.91,859,13308.21
2018-09,West,Product B,47958.55,760,6942.21
2020-09,Central,Product B,31106.56,871,6212.34
2022-01,South,Product D,43213.07,410,10555.1
2020-01,West,Product D,44544.78,709,9848.11
2019-11,Central,Product B,44866.1,904,4686.26
2021-09,East,Product D,49209.55,562,6229.13
2021-06,South,Product C,42136.57,867,6234.88
2023-05,West,Product E,58013.49,822,12789.39
2020-08,South,Product D,58894.26,649,12858.74
2023-11,North,Product A,53524.85,813,15484.8
2024-06,East,Product C,35017.79,842,6774.63
2022-07,North,Product C,36373.86,847,9385.6
2023-12,East,Product B,54107.34,1105,12970.52
2020-06,South,Product D,35768.24,566,10507.03
2018-11,Central,Product B,55207.45,963,8886.07
2020-11,West,Product A,55020.71,1132,6558.66
2018-01,South,Product D,49612.63,999,10352.07
2022-11,West,Product E,57849.49,658,15311.02
2023-11,East,Product D,70105.83,850,8808.33
2020-08,South,Product D,46360.44,1080,5653.3
2021-09,South,Product E,8726.3,969,1864.84
2025-08,West,Product A,42131.95,888,7233.63
2025-08,Central,Product E,57055.97,790,13028.51
2020-05,South,Product E,42083.19,744,11714.6
2019-01,West,Product A,27276.6,876,2806.05
2020-10,East,Product A,49309.93,589,8707.82
2020-02,North,Product E,51238.86,774,11118.02
2022-11,West,Product E,25915.5,784,6580.8
2021-04,South,Product B,59145.37,1029,8040.3
2021-07,East,Product E,30861.94,793,5879.01
2019-02,North,Product B,64203.57,789,6445.23
2018-04,West,Product C,40618.46,1005,9304.11
2018-05,North,Product B,55826.09,719,9320.67
2018-07,Central,Product A,92705.14,706,16976.94
2018-01,West,Product C,29789.68,767,7987.04
2018-07,North,Product C,67417.67,591,16696.2
2023-02,East,Product B,23525.11,630,5160.7
2022-08,North,Product C,42109.53,1072,7445.07
2021-03,South,Product E,12112.52,898,3193.09
2021-12,Central,Product B,24513.33,740,4578.96
2021-05,South,Product C,63699.21,913,9495.79
2023-02,South,Product D,40526.27,720,8373.71
2024-04,East,Product B,63129.95,864,12936.86
2023-05,Central,Product B,42249.04,753,7985.43
2019-10,South,Product D,58233.36,856,7743.3
2024-09,West,Product E,54307.39,791,7773.13
2019-06,North,Product C,48523.32,1068,12460.19
2020-12,West,Product D,58843.91,939,14840.53
2022-10,Central,Product B,38635.63,796,10742.11
2020-01,North,Product E,52502.33,853,9458.83
2019-04,South,Product C,49059.08,987,13318.46
2018-09,Central,Product D,87749.7,663,16249.2
2020-06,South,Product A,55619.68,764,6349.64
2022-12,West,Product C,55719.04,963,9614.14
2021-12,West,Product C,33963.29,1238,7987.72
2020-10,West,Product C,67664.72,765,10853.15
2018-12,North,Product C,39627.08,932,6126.94
2022-09,South,Product D,45047.32,1008,12738.63
2023-06,Central,Product C,61779.61,450,17767.56
2022-05,West,Product B,64469.58,886,9713.42
2019-12,North,Product A,36197.66,808,10813.67
2025-05,Central,Product D,38715.67,843,7706.75
2023-11,North,Product E,17369.29,1061,2249.94
2018-03,West,Product D,49312.83,787,8363.97
2022-10,North,Product C,59819.63,720,7717.34
2022-04,East,Product E,71609.0,965,13336.99
2025-03,East,Product C,45724.8,400,11301.6
2018-01,East,Product E,55600.7,748,7836.59
2020-02,Central,Product D,70017.24,576,16842.6
2024-06,Central,Product C,59655.71,1235,7762.62
2018-11,Central,Product B,50504.75,876,7499.64
2024-05,West,Product A,53145.29,846,11579.52
2020-08,Central,Product D,37423.74,1028,9858.19
2018-08,East,Product C,69282.51,810,10135.38
2022-05,North,Product A,13622.16,939,1442.43
2025-05,North,Product D,65155.56,868,13251.02
2019-04,East,Product B,48537.15,1234,12445.88
2019-03,South,Product D,8877.66,877,1396.88
2018-04,West,Product D,68961.73,844,9432.53
2022-05,East,Product E,50722.92,1159,9084.87
2019-06,Central,Product D,53123.08,520,15658.13
2024-10,East,Product C,60965.56,970,16969.59
2022-06,North,Product D,49122.06,970,6318.28
2023-03,Central,Product A,49010.36,904,7525.99
2021-09,North,Product E,94072.82,666,22472.58
2021-03,East,Product D,39129.77,597,4677.01
2019-10,Central,Product D,33911.6,578,3418.87
2019-09,West,Product A,57628.91,704,6691.01
2018-07,West,Product D,82987.6,434,14541.24
2023-01,North,Product E,36384.29,1145,7119.39
2020-07,East,Product E,52123.39,940,13974.17
2020-03,East,Product E,47171.12,784,7635.06
2023-06,West,Product B,71610.21,671,20745.85
2019-02,South,Product A,39001.93,658,9686.91
2020-06,Central,Product E,32946.93,949,7913.81
2023-01,East,Product C,69168.42,841,11930.57
2018-10,East,Product D,57466.72,1012,13991.36
2023-03,Central,Product E,46202.77,559,8397.01
2023-01,South,Product E,42030.23,996,7935.21
2024-02,East,Product A,66929.75,310,8353.94
2022-10,North,Product E,43381.17,635,6259.45
2019-04,West,Product B,64721.44,451,15975.16
2024-04,Central,Product E,41340.32,1070,5241.48
2021-03,Central,Product E,60429.01,1025,15228.38
2018-12,South,Product C,49225.59,777,10700.46
2022-04,East,Product C,33956.77,1066,6146.75
2022-12,East,Product C,37862.89,924,8211.34
2018-06,South,Product B,47622.3,664,6541.26
2022-02,South,Product E,52084.89,649,7773.17
2019-03,East,Product C,42548.11,1034,9082.06
2018-11,West,Product A,66908.67,870,11673.65
2021-04,West,Product C,27197.75,629,2812.22
2022-11,South,Product B,72069.87,1097,17051.47
2022-12,East,Product E,30289.39,645,7197.89
2025-05,Central,Product C,91449.72,613,24533.16
2025-05,South,Product C,42576.79,543,9424.86
2025-06,Central,Product E,56592.65,838,6994.1
2021-04,West,Product C,53502.8,712,7200.89
2024-06,Central,Product C,41434.64,690,4410.03
2023-05,West,Product A,112218.43,635,12416.82
2021-09,North,Product B,76596.87,683,18611.23
2020-09,South,Product E,49182.94,795,12604.47
2023-11,South,Product E,47369.99,1179,7154.53
2021-09,West,Product A,57739.35,858,13089.66
2023-07,North,Product E,48098.05,1094,7773.86
2022-06,West,Product E,31935.37,884,7381.03
2025-05,North,Product D,50968.84,827,9446.14
2025-05,Central,Product E,61457.95,241,9729.44
2022-02,South,Product B,64374.99,543,9980.96
2020-03,West,Product B,32818.47,674,9247.94
2022-04,East,Product A,41888.33,785,9295.49
2018-11,West,Product E,30649.21,722,8965.32
2024-11,Central,Product C,58841.66,951,16191.83
2024-10,South,Product D,39832.92,790,11300.68
2018-08,South,Product C,56550.84,394,10533.93
2018-12,East,Product D,33821.44,658,8801.97
2019-12,North,Product C,42911.99,561,7659.81
2024-10,Central,Product C,59158.2,809,7255.34
2020-12,West,Product A,67156.32,635,7058.19
2021-04,East,Product D,58878.68,796,10913.7
2025-01,East,Product C,43301.64,753,10313.95
2024-03,South,Product D,24970.56,710,3298.81
2021-01,East,Product E,23430.02,821,3327.56
2021-07,North,Product C,44292.97,833,10974.68
2019-08,Central,Product E,26566.42,678,5269.23
2019-08,North,Product C,57785.25,800,6806.21
2022-04,Central,Product D,64906.5,1164,18191.67
2018-02,North,Product D,40801.33,835,9343.26
2022-04,North,Product E,53921.07,717,8758.53
2022-06,Central,Product C,53544.55,866,12345.85
2019-01,East,Product C,51447.09,1120,14697.12
2024-03,North,Product D,81054.17,1053,13709.76
2021-12,East,Product A,61346.22,921,12909.13
2022-06,East,Product C,45440.58,923,9973.32
2022-03,North,Product C,54341.77,515,15756.8
2024-10,North,Product E,54183.6,1426,8368.18
2021-01,East,Product B,50458.66,725,15029.28
2021-06,East,Product C,44927.2,684,9621.98
2022-02,North,Product E,49176.36,954,13300.08
2018-11,East,Product E,27707.57,898,3692.09
2020-02,North,Product A,49392.82,485,12851.66
2023-05,South,Product A,40852.45,942,11299.59
2024-05,Central,Product C,57384.85,1281,11694.73
2025-05,North,Product B,34107.23,336,9990.1
2023-07,North,Product A,64759.57,617,16937.61
2023-09,South,Product C,55822.52,1210,6192.65
2020-04,East,Product E,47004.84,1141,10447.95
2024-04,East,Product C,51231.3,643,10786.19
2025-01,South,Product A,43888.81,762,12464.7
2022-02,West,Product E,58255.89,690,9389.91
2025-07,West,Product C,64644.38,829,11802.62
2023-08,South,Product B,32654.95,730,4532.7
2022-02,Central,Product E,38701.04,1020,11235.72
2021-11,North,Product E,35871.49,978,10293.49
2022-11,West,Product D,39733.11,1053,9669.43
2022-08,East,Product B,46479.38,989,7151.1
2019-04,East,Product B,40232.36,848,11669.19
2018-01,South,Product C,38549.65,430,8559.43
2024-05,Central,Product B,50471.26,833,6667.8
2020-05,South,Product D,32278.38,786,6024.56
2020-08,East,Product C,42471.3,663,7369.11
2020-01,West,Product D,47848.7,671,8746.75
2018-02,North,Product A,38288.96,1005,6965.74
2020-07,South,Product B,51685.07,1278,8322.04
2019-04,Central,Product E,80947.75,744,21083.49
2020-06,Central,Product E,50034.07,792,7151.34
2021-09,North,Product A,59836.98,718,9374.54
2022-10,East,Product B,41268.82,955,10973.83
2025-03,South,Product C,54002.39,664,11300.52
2018-09,East,Product D,70290.62,716,19535.47
2025-06,South,Product D,38286.79,581,5328.55
2018-04,East,Product A,32647.82,947,6168.12
2023-09,Central,Product C,39920.36,984,10142.45
2019-06,West,Product D,58853.89,1094,10334.3
2022-11,West,Product C,43043.04,881,5909.87
2025-08,Central,Product A,58172.28,501,12031.33
2018-07,West,Product C,58737.46,560,6346.48
2019-01,East,Product E,33702.38,982,9523.22
2018-01,South,Product A,55432.04,836,13494.06
2024-12,North,Product E,46496.88,912,5626.38
2018-09,East,Product B,74384.72,839,19034.02
2025-07,West,Product B,43739.88,615,4550.97
2020-01,South,Product B,39111.69,859,6034.81
2020-05,North,Product A,32957.39,760,9239.03
2024-04,South,Product C,34561.24,429,7507.16
2018-07,East,Product A,36789.79,924,9336.23
2024-08,East,Product B,92594.34,871,26724.73
2022-07,South,Product A,62924.73,938,13911.72
2020-06,North,Product D,56100.56,932,8002.23
2025-07,West,Product D,48346.94,973,12943.12
2022-03,South,Product C,41995.71,953,8168.99
2023-12,West,Product A,46049.15,740,12003.89
2025-06,North,Product B,68905.55,761,17056.66
2020-09,North,Product D,29955.96,1125,3053.87
2020-02,Central,Product B,55191.01,830,8284.22
2024-07,South,Product A,39756.87,623,8482.07
2025-05,West,Product B,45085.89,869,12662.52
2018-10,Central,Product E,58714.1,1220,12244.76
2019-03,East,Product A,64300.32,726,18502.91
2019-05,South,Product A,67293.06,855,19528.95
2024-06,South,Product A,53117.2,669,13901.96
2025-05,West,Product E,54452.41,757,12718.06
2024-10,East,Product D,49108.36,1137,10808.86
2023-04,East,Product D,29035.8,1034,7278.35
2020-08,West,Product D,41988.18,1025,11018.08
2020-05,South,Product A,67313.52,775,12992.1
2024-06,South,Product D,54711.37,763,11637.24
2022-01,East,Product B,76141.79,759,17111.2
2019-12,North,Product C,43504.26,1061,10139.53
2025-05,West,Product D,39440.09,705,10005.17
2019-12,East,Product D,68000.68,745,13323.61
2024-02,West,Product D,25672.01,464,7159.25
2024-08,Central,Product C,39843.72,496,7498.63
2019-06,Central,Product D,50078.32,681,5605.39
2021-11,West,Product B,42598.5,355,9033.47
2020-02,Central,Product D,23500.82,655,6295.05
2021-10,West,Product A,33693.99,796,7209.9
2024-05,Central,Product C,40263.03,360,6757.29
2022-10,Central,Product C,91095.23,1224,26424.67
2023-08,East,Product A,83692.82,911,19078.14
2020-03,South,Product E,48898.79,757,9070.94
2018-07,South,Product A,59852.99,750,7833.68
2019-07,East,Product B,59482.21,868,17807.86
2024-11,Central,Product E,47249.23,935,5604.79
2020-11,North,Product E,20341.97,1005,5665.18
2019-03,South,Product E,58014.7,867,7962.06
2021-12,South,Product C,43747.1,717,9767.81
2020-02,South,Product B,36166.05,985,9442.35
2020-06,South,Product D,45752.45,987,11614.26
2024-05,Central,Product E,78919.24,800,13694.32
2019-02,North,Product E,27347.6,944,5072.87
2022-10,North,Product B,28693.38,830,5419.57
2019-03,North,Product A,42714.57,420,11539.76
2024-10,Central,Product C,60284.24,830,13647.13
2018-08,East,Product A,42405.95,991,12352.52
2018-03,North,Product D,74103.39,690,18143.15
2018-03,North,Product E,52382.97,596,8015.05
2019-05,North,Product A,38817.27,785,11403.14
2021-01,East,Product E,54100.75,308,13658.27
2021-03,North,Product B,50121.76,697,12404.25
2022-06,West,Product C,50789.33,832,8002.78
2018-10,West,Product E,46865.81,1097,14000.42
2021-01,Central,Product D,51667.25,786,12904.69
2024-02,East,Product B,37702.36,671,10328.81
2025-03,East,Product A,39510.22,560,6167.58
2024-05,East,Product A,62478.47,600,15883.73
2023-12,South,Product C,60199.39,1022,16569.62
2022-10,South,Product B,53540.05,757,13602.61
2024-06,North,Product A,43523.52,467,8235.76
2018-01,East,Product E,42528.09,664,6079.25
2021-06,West,Product E,40005.24,1131,11119.34
2023-02,Central,Product B,63575.9,974,13751.76
2019-01,East,Product C,70177.74,570,7934.12
2022-12,East,Product B,86904.4,521,24083.98
2022-12,East,Product E,61485.23,1231,14409.65
2023-03,North,Product C,25624.75,335,6130.56
2025-07,Central,Product C,66166.38,823,16840.03
2023-10,South,Product B,46848.69,670,7185.57
2024-02,North,Product A,54798.32,988,5495.69
2021-01,Central,Product D,91788.68,996,15273.78
2022-08,North,Product C,53912.15,676,9598.52
2023-06,North,Product D,89377.09,932,22210.14
2019-11,West,Product B,45261.78,771,7889.55
2018-03,North,Product E,45123.05,746,7553.76
2023-04,East,Product D,59002.44,695,11072.51
2025-05,West,Product D,63475.19,1060,8180.23
2025-04,East,Product E,28688.22,914,5276.61
2022-09,South,Product E,44059.91,842,5528.77
2024-02,North,Product A,34517.94,1095,9510.26
2024-02,South,Product C,49105.85,1189,10977.43
2019-12,West,Product B,59841.19,723,16332.74
2021-04,East,Product E,59602.12,549,7169.04
2020-01,South,Product E,63220.23,893,12254.83
2024-06,South,Product B,24626.21,718,6702.58
2024-05,Central,Product B,31054.84,840,9188.74
2018-10,East,Product E,48673.92,414,8573.63
2021-11,South,Product B,72790.67,946,8560.26
2021-12,West,Product A,52092.15,944,13319.74
2021-08,Central,Product C,39241.9,521,6310.6
2021-06,Central,Product A,52798.77,1022,9325.85
2021-10,West,Product A,51671.8,1375,10243.77
2022-05,Central,Product A,50468.22,1223,8425.6
2021-02,Central,Product E,56132.93,712,9495.57
2020-02,Central,Product C,67902.03,618,19328.64
2018-11,South,Product C,56265.22,818,11283.67
2020-01,West,Product E,73475.66,677,11188.35
2020-08,North,Product B,80893.14,837,9176.08
2024-10,Central,Product C,52797.59,845,6080.74
2022-12,Central,Product E,56440.56,838,11488.06
2023-01,West,Product E,66649.55,666,10507.45
2020-03,East,Product D,25392.97,734,5186.62
2023-02,West,Product E,24842.77,596,5651.0
2022-10,North,Product C,61244.68,704,6861.25
2021-11,East,Product B,51338.14,1096,9552.95
2021-04,Central,Product A,73857.22,707,11364.63
2022-03,North,Product B,35914.81,543,9719.82
2023-02,Central,Product C,28442.69,544,6470.51
2021-11,South,Product D,55821.12,1111,14019.76
2018-11,East,Product C,41316.7,823,10862.86
2022-07,Central,Product B,46771.99,512,6623.71
2019-08,North,Product A,66945.63,907,19364.5
2024-04,East,Product A,35073.84,795,6779.19
2023-09,South,Product B,68427.0,505,7563.95
2020-06,North,Product D,50599.86,409,8875.44
2022-02,Central,Product E,30922.53,853,6140.28
2025-08,South,Product D,43681.55,934,10184.06
2020-07,West,Product A,75147.99,1031,11189.49
2021-05,South,Product D,63121.32,735,7830.69
2020-12,East,Product D,41484.73,674,12030.29
2021-11,Central,Product A,79737.7,1278,21434.24
2025-03,West,Product D,52397.54,861,8012.2
2023-07,North,Product A,36413.99,1130,4472.98
2021-04,Central,Product C,36564.67,951,10652.28
2021-01,East,Product A,60465.62,1064,17265.07
2018-07,South,Product C,46731.97,761,7548.69
2023-08,South,Product D,48166.97,1042,12379.44
2024-12,Central,Product D,49017.14,838,6108.03
2021-05,North,Product C,40055.15,682,9426.46
2020-08,West,Product D,53301.79,513,14306.68
2019-05,Central,Product B,52830.41,787,15001.48
2019-07,Central,Product E,60782.95,532,6958.11
2021-10,South,Product E,48780.87,946,7302.79
2023-06,Central,Product C,69774.44,952,11057.04
2024-02,Central,Product B,60772.68,947,12123.33
2025-03,Central,Product E,58912.93,896,15370.48
2024-10,South,Product D,60111.97,1022,7188.5
2019-01,South,Product D,47405.91,818,8520.79
2020-05,West,Product B,65050.47,837,10186.09
2023-11,North,Product C,57035.53,769,14231.97
2021-08,North,Product D,34631.03,621,7480.47
2019-10,East,Product A,59196.68,858,17339.79
2020-03,South,Product E,70658.96,540,13709.53
2018-08,West,Product B,50918.79,460,10719.12
2023-10,Central,Product A,36877.14,605,4372.85
2019-10,Central,Product D,40031.22,482,4302.28
2018-12,North,Product E,58595.39,772,13794.76
2023-12,West,Product B,68427.76,552,14521.91
2022-11,North,Product E,39621.04,897,8841.31
2018-05,East,Product E,37803.84,702,10629.13
2024-08,East,Product B,69901.13,646,18047.21
2022-11,North,Product E,50487.23,607,5752.56
2020-11,North,Product B,89014.13,592,21463.35
2018-01,East,Product E,82066.21,912,23940.25
2019-01,East,Product A,48484.3,931,11344.54
2023-03,East,Product C,84404.29,963,19964.17
2019-09,East,Product C,69413.56,557,19958.49
2024-04,Central,Product A,46896.35,656,6334.63
2021-02,East,Product E,33430.63,663,6460.51
2023-12,Central,Product A,63332.58,980,18812.18
2020-04,South,Product B,33182.45,720,8895.63
2022-08,West,Product A,55963.01,950,7678.69
2019-02,Central,Product E,27648.76,669,5870.79
2020-05,Central,Product C,78785.01,768,21325.89
2022-10,East,Product B,57297.15,1097,6846.73
2022-04,South,Product E,83199.17,840,9285.54
2025-02,South,Product D,31695.72,677,8970.39
2024-07,East,Product E,47182.18,765,7901.51
2024-03,North,Product C,74734.41,841,11075.21
2024-10,Central,Product D,68256.95,495,12317.8
2024-02,South,Product D,74530.69,943,20184.4
2023-09,West,Product E,48191.43,842,8359.39
2024-08,East,Product D,79016.79,800,22986.66
2021-07,East,Product E,60354.54,964,8188.6
2019-06,Central,Product A,53701.57,621,10354.46
2018-01,North,Product A,51279.57,564,13923.0
2019-07,South,Product D,46254.91,767,5480.14
2025-08,West,Product B,30149.33,910,7124.14
2023-05,East,Product A,23414.2,398,5303.48
2018-11,West,Product E,28673.53,869,3696.46
2018-10,North,Product D,57523.97,782,8906.89
2018-05,North,Product C,21356.26,641,4730.53
2021-02,East,Product A,51509.33,902,9169.86
2021-02,West,Product E,38826.7,668,6964.42
2018-08,North,Product A,44995.13,909,8061.19
2023-07,South,Product C,57391.63,578,9621.13
2018-05,East,Product B,25705.65,545,3929.7
2019-12,East,Product E,23422.12,759,6438.22
2022-01,South,Product E,42827.8,739,11981.16
2018-10,North,Product A,35692.48,1175,8363.77
2019-07,West,Product A,32680.72,568,5423.39
2023-11,North,Product D,19099.18,626,4718.63
2023-03,East,Product A,66587.63,702,7847.43
2023-06,West,Product B,52320.01,669,15676.44
2019-08,South,Product E,55289.1,1111,8055.7
2022-05,North,Product C,47226.73,636,13332.98
2023-01,North,Product C,52271.24,717,5819.54
2023-01,Central,Product E,48212.61,788,6036.59
2023-02,Central,Product C,63282.88,613,16119.92
2022-02,East,Product A,60701.44,957,9200.02
2019-09,South,Product E,46371.18,424,5639.38
2025-01,West,Product D,58760.26,676,8586.08
2019-10,West,Product B,43418.3,1038,4592.56
2019-04,North,Product A,40843.31,1099,4876.85
2024-04,Central,Product D,50061.01,934,9734.52
2018-07,West,Product A,20853.6,825,5806.91
2022-12,Central,Product E,63917.29,800,18406.34
2025-03,West,Product D,7634.4,578,1961.95
2024-11,Central,Product D,36414.97,808,4854.29
2022-06,Central,Product C,41290.47,980,12188.01
2023-02,Central,Product D,11536.6,428,2290.04
2018-11,Central,Product B,43395.21,888,10959.64
2019-08,West,Product C,51208.89,764,15134.92
2020-03,Central,Product B,35336.96,558,6529.39
2024-03,West,Product E,40325.48,1065,5293.0
2023-01,North,Product C,50063.16,908,7768.79
2022-12,East,Product C,50043.51,815,14654.76
2019-01,East,Product E,52271.51,1080,9322.19
2019-12,South,Product C,49560.77,809,14798.22
2025-05,South,Product B,43993.53,586,12269.72
2021-09,West,Product A,51234.36,602,5505.19
2019-05,East,Product E,49690.8,1088,11242.15
2020-09,Central,Product C,37090.26,582,8547.36
2019-06,East,Product B,59057.64,907,6449.96
2022-03,South,Product B,66704.0,1214,7956.33
2023-07,West,Product D,31585.69,622,8969.94
2020-02,Central,Product C,33572.38,559,7341.13
2024-04,Central,Product E,40090.81,748,11315.89
2019-12,North,Product B,46369.34,517,9887.67
2022-04,West,Product C,45125.32,1039,10450.79
2025-05,East,Product D,64592.95,1039,13945.44
2022-05,North,Product E,44405.62,571,11745.22
2022-12,North,Product C,71536.1,563,12037.95
2023-11,Central,Product E,57985.92,907,11569.19
2020-06,East,Product D,40954.82,545,10468.57
2024-12,West,Product E,64021.22,844,15201.39
2023-11,North,Product B,60594.35,708,10835.66
2020-11,Central,Product B,62182.09,803,16957.54
2023-10,East,Product E,65855.86,647,19029.62
2024-02,West,Product A,46570.48,445,10954.77
2019-05,South,Product A,62034.09,757,17349.19
2025-06,South,Product C,63456.47,707,13133.31
2020-12,West,Product B,45274.05,813,13331.75
2021-03,Central,Product D,94168.69,599,23848.94
2020-01,North,Product B,49418.83,572,9684.43
2022-10,East,Product E,44777.36,697,5842.2
2020-11,Central,Product C,82748.99,1128,8388.48
2024-01,Central,Product C,54883.01,905,10837.01
2024-04,West,Product E,31191.46,1001,5072.08
2020-12,South,Product A,75110.29,843,7713.79
2024-06,South,Product A,32897.04,538,8867.69
2020-08,East,Product E,62284.81,699,12189.85
2025-04,East,Product E,44418.77,717,10009.24
2020-12,Central,Product C,50323.32,756,7691.83
2019-10,East,Product A,45251.81,758,10263.93
2019-06,North,Product C,42716.04,986,7286.16
2020-02,West,Product D,54346.16,601,13343.86
2024-04,Central,Product B,57312.67,996,15603.76
2023-11,West,Product D,68562.51,724,16614.76
2020-05,East,Product C,46753.19,587,10315.08
2019-07,South,Product E,60979.43,530,17164.67
2024-07,North,Product C,56587.56,928,15111.7
2025-06,Central,Product E,51195.21,771,8990.99
2020-03,South,Product D,41278.08,969,6596.97
2024-07,Central,Product A,53282.64,990,5809.37
2024-11,South,Product B,54798.85,1006,10505.42
2023-07,East,Product D,41055.49,1329,8493.59
2019-01,East,Product B,15468.23,769,2818.04
2022-10,East,Product D,72494.14,611,10492.55
2022-08,North,Product A,57544.16,717,15254.51
2022-05,Central,Product B,44353.26,814,5238.96
2020-09,Central,Product B,60529.7,646,17730.03
2024-03,North,Product C,36748.34,811,7079.84
2018-10,West,Product A,43171.13,743,6498.54
2018-12,West,Product B,62299.99,575,11038.67
2020-12,West,Product D,42344.06,604,11044.15
2024-02,Central,Product C,41449.34,377,9558.94
2025-04,East,Product A,17339.07,926,2243.36
2020-08,West,Product D,59509.75,429,10740.51
2023-05,North,Product C,49086.97,848,12169.21
2020-04,East,Product B,37311.53,827,10098.89
2020-10,East,Product D,46683.08,836,7483.49
2025-08,South,Product D,78422.68,610,12296.84
2019-04,Central,Product C,47931.26,920,6996.01
2023-10,East,Product B,32363.53,1026,6916.08
2024-07,West,Product E,41657.11,878,12207.55
2023-09,East,Product E,46038.01,829,5133.51
2018-07,West,Product B,39739.35,614,9123.2
2018-12,East,Product E,57065.04,494,16191.96
2022-07,West,Product E,68690.88,899,11536.51
2023-08,East,Product A,44088.31,742,8827.52
2020-06,West,Product E,60632.99,627,13222.41
2024-03,North,Product B,53438.3,823,7879.16
2018-07,Central,Product E,56348.52,406,16607.95
2020-04,South,Product A,44494.38,725,6163.34
2018-06,West,Product E,56359.26,738,6394.67
2025-08,Central,Product C,52380.73,960,13568.58
2024-09,East,Product D,42569.49,699,10162.61
2021-02,East,Product B,54091.58,532,13446.18
2023-07,West,Product A,36172.12,987,7754.38
2023-01,West,Product E,62671.22,1006,15236.12
2021-07,North,Product D,50926.56,787,11393.07
2022-01,East,Product D,42802.74,832,11224.59
2024-02,South,Product E,39310.63,892,6674.94
2020-09,South,Product C,58412.65,616,15040.39
2021-06,East,Product A,34360.07,488,3951.9
2020-10,East,Product B,78520.77,797,19973.53
2025-07,West,Product B,38101.68,866,6434.48
2021-11,North,Product B,67312.44,843,19851.26
2023-09,West,Product D,43099.03,946,9568.57
2018-08,East,Product B,46795.55,614,12330.12
2025-05,East,Product B,51523.34,746,15137.03
2022-02,Central,Product E,51747.78,792,7493.62
2018-02,West,Product C,34141.36,1101,7381.43
2018-04,West,Product A,54399.07,453,7115.43
2024-12,East,Product C,45941.31,660,5679.19
2020-05,Central,Product D,31502.28,790,8344.78
2018-06,North,Product B,25317.29,682,7063.75
2022-08,Central,Product A,60966.66,672,15536.73
2025-07,North,Product A,58118.47,1153,12793.02
2018-01,North,Product E,66556.88,611,13201.25
2022-03,Central,Product D,57312.34,753,13900.12
2018-04,West,Product B,38123.7,867,8401.3
2020-01,West,Product E,24671.12,956,5790.47
2025-08,West,Product A,34681.95,974,8883.08
2022-03,Central,Product E,60323.5,598,12529.68
2020-01,Central,Product A,25430.48,655,2817.45
2023-05,South,Product B,43539.04,914,9575.47
2019-05,South,Product D,70916.24,770,15779.58
2020-04,Central,Product A,42675.08,697,12016.13
2024-03,West,Product A,19702.87,1037,4459.54
2020-11,South,Product C,75896.77,860,15988.23
2021-02,South,Product D,58224.01,975,10312.46
2020-08,North,Product C,46484.51,686,8816.72
2025-06,West,Product B,54998.16,600,11060.71
2021-12,Central,Product C,53792.72,1119,8904.63
2022-12,East,Product E,56702.69,1125,7876.33
2019-01,South,Product C,52603.7,725,10929.72
2023-03,South,Product C,79372.8,979,22863.94
2025-03,Central,Product B,64855.79,821,14694.11
2020-03,Central,Product B,39731.87,1103,11629.55
2021-08,Central,Product E,36969.85,753,4413.67
2018-09,West,Product B,38481.68,573,5639.64
2023-12,Central,Product C,45487.63,491,11755.81
2022-07,North,Product C,45898.61,705,4850.94
2018-08,East,Product C,31155.64,915,7291.49
2021-08,North,Product D,31029.39,1149,4304.2
2018-11,East,Product C,46475.25,762,13441.05
2018-09,Central,Product C,48725.45,843,11825.3
2024-09,South,Product D,30887.31,641,4462.86
2019-02,West,Product C,34726.69,613,5895.08
2018-12,West,Product D,44658.45,826,7433.79
2025-08,East,Product B,40395.95,861,6015.44
2024-09,East,Product E,34513.3,343,8294.25
2022-04,North,Product B,65199.85,853,15462.31
2022-07,North,Product B,80742.6,864,10613.31
2023-05,North,Product A,68355.65,560,14932.14
2020-06,West,Product D,64508.59,1076,14366.75
2018-04,South,Product C,33985.52,1006,4402.87
2019-01,North,Product C,66455.8,1131,7010.14
2023-10,North,Product C,55847.19,1160,15145.63
2019-11,South,Product B,61561.75,934,12299.91
2023-04,North,Product B,35250.71,553,8152.42
2020-05,South,Product B,55427.67,1078,15107.63
2024-11,Central,Product E,76898.63,870,17741.67
2022-04,South,Product C,34089.03,1094,9327.55
2022-09,Central,Product E,65115.66,857,9947.63
2023-05,South,Product B,62083.39,724,10717.02
2023-08,West,Product C,66887.59,649,12793.95
2023-09,South,Product D,19856.6,859,4294.81
2020-11,West,Product B,59478.9,638,14618.12
2020-08,South,Product D,9645.87,745,2736.67
2025-08,Central,Product D,57916.22,790,14332.58
2019-12,Central,Product B,33820.09,852,5395.12
2018-04,Central,Product D,38153.43,824,7635.94
2018-10,East,Product A,56609.94,1100,15094.78
2018-04,Central,Product B,47458.31,355,12251.36
2020-01,Central,Product C,55398.28,602,12894.47
2023-11,South,Product D,68168.45,916,17086.2
2024-06,North,Product A,87666.99,796,25608.43
2020-02,Central,Product D,48517.18,532,14063.44
2024-10,East,Product E,28622.46,774,7949.28
2021-02,East,Product A,22435.41,481,3608.56
2019-03,Central,Product E,75074.89,1014,13798.06
2021-07,West,Product B,49311.68,1244,6196.99
2019-06,East,Product E,52189.25,776,6733.97
2024-02,East,Product A,38098.87,753,8138.27
2019-08,North,Product D,69267.42,998,20675.84
2018-05,North,Product C,22461.5,435,3010.44
2020-10,Central,Product A,29400.68,923,7202.33
2023-10,South,Product D,55361.22,631,8039.69
2018-02,South,Product E,58991.65,871,16589.14
2024-05,East,Product C,50443.35,945,9811.94
2019-11,Central,Product B,9529.77,739,2207.67
2019-07,North,Product A,29986.28,1131,4120.72
2021-11,West,Product A,61387.19,1113,18056.6
2023-04,Central,Product A,56670.56,1043,13000.77
2019-08,East,Product B,75105.36,754,15006.67
2022-09,Central,Product A,67830.22,619,15645.11
2020-05,South,Product B,67928.62,817,15493.34
2019-12,East,Product E,40432.94,1067,8635.65
2020-10,North,Product E,39730.55,747,5304.68
2018-07,East,Product B,30653.18,1039,7157.51
2025-03,North,Product A,58872.35,895,11681.3
2018-03,Central,Product C,35675.54,428,7839.05
2022-05,Central,Product B,51122.96,691,6356.34
2024-01,West,Product A,43683.99,361,12191.56
2024-04,West,Product A,45954.66,472,5600.47
2025-01,South,Product A,58622.4,898,17521.81
2021-08,East,Product B,56343.58,808,9153.18
2019-05,Central,Product B,29789.85,874,7732.87
2024-11,Central,Product D,50489.1,780,5844.31
2023-07,West,Product B,51381.82,437,14543.61
2023-07,Central,Product D,58747.47,759,6239.05
2025-07,Central,Product A,72988.0,528,18671.66
2023-07,North,Product C,45796.74,912,5256.88
2025-05,South,Product A,33815.87,1073,8253.1
2021-08,South,Product A,29375.26,1027,6840.33
2020-11,South,Product A,58273.68,980,6719.9
2022-02,West,Product B,31275.88,708,6803.3
2025-05,South,Product C,75597.01,1031,16667.13
2018-12,Central,Product E,37099.63,698,6868.82
2018-04,South,Product B,47799.83,1020,9538.22
2021-03,Central,Product A,47733.01,968,10786.17
2023-05,Central,Product A,40368.53,1038,5874.52
2021-09,North,Product C,78249.74,691,11572.56
2019-11,South,Product D,48307.4,542,13446.24
2018-07,Central,Product C,71624.69,857,15055.52
2023-02,North,Product E,60180.26,910,8310.05
2022-07,West,Product C,33263.23,804,5890.13
2024-01,South,Product E,61518.63,889,6433.69
2019-07,West,Product C,58112.67,661,12658.84
2020-12,North,Product E,78376.1,691,18218.64
2023-12,East,Product B,55643.29,589,6422.15
2021-11,Central,Product A,21556.26,765,5304.18
2021-06,North,Product B,35166.97,718,9178.45
2025-06,South,Product D,41633.37,573,10510.89
2019-06,West,Product E,63747.6,978,9153.83
2021-05,East,Product A,52113.66,715,6261.88
2022-02,Central,Product D,55881.77,976,5929.33
2020-05,Central,Product B,38695.91,578,8692.34
2022-05,North,Product C,17534.48,886,3594.54
2023-09,East,Product C,51233.07,411,6478.89
2020-05,East,Product B,35428.49,912,5727.14
2022-06,Central,Product D,69457.71,930,12509.17
2020-01,South,Product C,58330.32,855,17073.51
2023-05,North,Product B,65000.68,906,8009.57
2018-03,East,Product A,6838.07,688,979.27
2025-07,Central,Product C,35933.2,661,7446.86
2022-08,North,Product D,48487.09,712,12354.1
2020-12,North,Product C,43097.9,928,11227.51
2023-01,East,Product E,14732.63,612,2838.67
2025-01,East,Product B,22272.26,889,3802.44
2022-11,South,Product C,56903.58,1139,14835.61
2024-11,Central,Product A,33277.96,935,5896.39
2019-06,East,Product C,41945.66,753,10749.88
2023-11,Central,Product E,43598.56,862,6606.84
2024-02,East,Product A,44627.14,762,5792.28
2022-11,East,Product B,57566.03,857,15574.54
2018-01,Central,Product B,36348.92,649,10086.67
2024-10,South,Product B,44120.66,745,8822.52
2021-07,South,Product C,56160.13,765,7124.18
2021-12,North,Product D,45011.31,1035,5931.66
2020-01,South,Product B,51965.88,781,12640.16
2024-06,South,Product E,66845.96,884,13411.55
2024-05,Central,Product A,53179.71,893,12460.28
2022-05,West,Product B,46909.12,1317,12586.99
2023-04,East,Product A,56281.13,824,12969.08
2024-01,West,Product D,22428.6,1080,5826.1
2020-03,Central,Product B,42047.18,868,10752.02
2019-03,North,Product C,66085.75,925,15823.34
2023-09,West,Product B,42386.86,489,5906.2
2023-01,South,Product A,49396.34,816,5741.43
2023-05,Central,Product E,34734.99,1189,4350.27
2025-07,South,Product A,52257.58,581,5426.13
2020-02,South,Product C,22039.03,1062,5616.28
2020-11,East,Product E,40794.72,593,4580.67
2018-03,South,Product C,60836.87,838,7434.58
2022-05,West,Product E,43923.45,530,9382.71
2018-11,Central,Product E,56902.96,997,9470.62
2024-09,West,Product B,33108.08,770,8126.77
2024-02,East,Product B,43849.66,788,5560.06
2020-08,West,Product B,56650.66,940,15177.76
2020-04,North,Product C,31182.99,383,6192.38
2020-08,North,Product B,42163.45,847,6210.85
2023-10,Central,Product C,58960.75,331,11011.27
2024-01,East,Product A,48251.32,610,6033.93
2019-07,South,Product A,58209.69,844,13318.52
2019-05,Central,Product B,47368.57,716,8582.37
2021-04,North,Product C,68445.05,717,13872.47
2024-04,North,Product B,69164.29,842,20560.12
2024-03,East,Product B,37485.74,613,9910.5
2018-11,South,Product E,57266.57,759,11458.45
2019-01,West,Product A,58389.07,983,6123.94
2019-04,West,Product C,41709.84,334,5934.5
2024-10,East,Product B,49132.83,1091,6309.9
2018-07,West,Product B,50009.52,426,13165.03
2022-11,Central,Product E,68279.29,1140,20448.81
2020-05,West,Product A,56641.39,659,6139.63
2019-01,North,Product D,62394.35,794,13941.56
2018-05,East,Product A,41054.91,647,8483.4
2020-07,East,Product A,57787.24,774,10830.82
2021-12,Central,Product A,31475.34,1110,4067.27
2022-03,South,Product A,43581.35,1032,10033.16
2021-02,North,Product E,35770.58,996,7790.7
2021-08,West,Product C,54272.89,895,9113.35
2018-03,South,Product A,57128.75,1001,11534.63
2020-08,East,Product B,34334.53,1166,3606.22
2020-08,West,Product C,45483.83,689,6238.72
2019-05,South,Product B,59895.12,852,14966.9
2020-05,West,Product E,88844.7,1008,12015.94
2019-07,West,Product A,25839.59,877,2745.1
2025-06,Central,Product A,51684.98,1102,8998.66
2022-12,West,Product E,54760.59,1029,6742.94
2019-06,North,Product B,69112.48,927,8164.37
2024-03,East,Product B,67154.76,909,11401.4
2018-11,Central,Product B,56530.37,910,12942.75
2024-08,South,Product B,58392.15,1085,17326.35
2019-04,South,Product A,62824.87,761,9998.06
2018-09,Central,Product E,52192.81,912,12444.0
2022-04,North,Product A,50324.64,1096,10192.9
2023-05,East,Product D,66221.1,601,15331.27
2024-05,South,Product B,33631.95,1087,9032.2
2024-08,North,Product B,40122.97,1127,5563.2
2022-06,Central,Product D,41752.22,922,4271.5
2024-08,West,Product E,69992.03,871,14402.17
2025-08,South,Product E,42513.8,1183,5302.35
2024-04,West,Product D,53120.48,308,6461.79
2019-05,North,Product E,73201.52,936,19414.31
2022-07,North,Product A,57551.18,739,6860.7
2022-05,North,Product B,59118.2,561,7500.99
2019-02,Central,Product B,0.0,1024,0.0
2024-05,South,Product A,57724.62,823,9926.22
2019-08,East,Product E,60575.32,1110,8014.59
2025-03,North,Product B,42618.61,804,6855.6
2021-01,South,Product D,23563.03,956,6874.25
2024-05,North,Product A,19329.48,968,2057.09
2018-09,South,Product D,77223.89,680,8284.13
2019-11,West,Product E,42648.35,949,7686.87
2018-10,Central,Product E,43804.07,805,9809.79
2023-03,West,Product A,44289.64,805,12267.26
2023-10,North,Product D,52799.36,317,15619.45
2019-09,South,Product B,41476.92,615,9425.43
2022-12,West,Product A,29121.61,704,3024.65
2022-03,East,Product A,48161.34,1137,7848.22
2019-08,South,Product D,75404.1,909,20173.9
2021-06,West,Product E,58557.0,905,9480.97
2024-11,Central,Product B,83198.2,781,15603.96
2025-08,East,Product D,39070.62,889,11235.46
2020-05,West,Product D,36610.8,809,7926.87
2020-07,West,Product B,40456.77,426,6271.23
2019-12,East,Product D,28624.51,510,7195.61
2023-08,Central,Product E,39998.3,512,4417.45
2020-07,North,Product D,38205.54,805,7183.78
2022-01,South,Product C,31762.84,584,9449.18
2023-07,North,Product B,35737.32,735,5269.34
2019-09,South,Product E,47347.57,644,7059.1
2020-03,East,Product B,66730.79,572,11252.78
2022-08,Central,Product C,62658.25,524,11039.82
2025-05,East,Product E,50468.62,561,14414.37
2025-01,North,Product B,45850.99,948,4855.73
2020-10,East,Product E,54516.1,705,8666.43
2019-02,North,Product A,56682.19,790,14953.54
2021-09,East,Product C,42836.0,809,9823.05
2019-02,North,Product B,63081.1,898,11171.24
2021-06,East,Product E,50479.46,835,13268.4
2023-04,Central,Product B,40641.29,635,10737.0
2025-06,East,Product A,52470.95,1095,13202.85
2024-04,East,Product C,43311.81,726,11527.69
2024-12,East,Product D,38458.4,665,3879.2
2022-12,North,Product E,33379.2,1155,5644.47
2024-05,Central,Product B,35093.14,1079,5763.11
2018-07,South,Product E,53757.78,801,7881.96
2020-01,Central,Product E,55434.45,723,11932.25
2024-11,North,Product D,69466.5,737,19713.4
2020-09,Central,Product E,63521.88,641,7106.16
2024-05,South,Product D,51185.67,734,11122.74
2019-06,East,Product B,44016.71,675,4632.59
2019-07,West,Product B,35887.2,698,5697.96
2019-09,South,Product E,58128.55,726,7787.48
2024-11,Central,Product B,46662.17,778,10974.68
2021-12,South,Product E,33865.88,872,9165.21
2019-03,East,Product A,52677.49,866,14752.68
2018-03,West,Product E,69299.83,576,8718.32
2023-01,East,Product B,38295.24,891,9120.52
2020-07,South,Product C,52631.63,959,12177.61
2019-12,Central,Product A,52866.84,850,12632.61
2018-05,Central,Product C,38671.9,672,11277.39
2024-02,Central,Product E,42869.86,268,12254.99
2018-08,West,Product A,20030.18,583,5967.83
2024-10,West,Product E,51977.97,861,9447.97
2021-03,South,Product A,47371.63,729,5614.72
2020-08,Central,Product C,30955.6,608,3741.3
2020-02,West,Product D,48214.0,1002,12021.34
2018-03,South,Product E,72998.67,883,13133.52
2022-04,South,Product E,41222.21,878,5774.86
2024-11,North,Product B,61776.97,972,15707.07
2024-07,North,Product E,51218.49,998,7668.37
2020-11,South,Product D,43480.55,958,11398.79
2023-06,North,Product E,58824.74,588,15998.35
2019-08,West,Product B,43068.53,778,12134.17
2023-05,Central,Product E,42827.2,799,7188.83
2020-06,South,Product B,18915.96,772,4612.41
2024-06,North,Product A,42009.78,474,5944.51
2019-12,East,Product A,50053.13,857,13094.53
2020-09,West,Product E,76089.19,593,22102.31
2025-08,West,Product B,72381.79,963,20152.4
2019-03,South,Product E,54160.59,777,12214.65
2019-02,South,Product A,36425.09,690,7605.34
2024-12,North,Product A,38145.64,945,8329.4
2024-10,East,Product E,42496.76,545,11538.21
2018-02,Central,Product C,43314.4,915,11389.38
2025-03,East,Product B,35356.82,698,4583.44
2021-08,South,Product E,46794.02,948,6714.78
2021-09,Central,Product E,44310.65,441,11053.46
2022-04,West,Product D,63773.64,774,10949.73
2022-01,East,Product D,38329.87,572,6538.76
2018-02,West,Product A,37154.62,978,10182.8
2020-06,South,Product C,60251.26,794,6304.05
2020-08,South,Product E,50543.81,902,15099.76
2019-02,East,Product E,57843.07,647,8555.58
2018-02,Central,Product B,74517.08,918,12385.85
2018-07,West,Product C,47765.66,1128,6302.38
2020-07,East,Product D,27295.19,850,7213.36
2020-03,West,Product A,73530.23,921,11165.72
2022-06,West,Product E,65773.03,806,15672.48
2018-09,South,Product B,64140.21,1061,13746.74
2022-09,East,Product C,52572.07,606,14913.73
2025-07,South,Product B,77898.84,693,9954.14
2021-07,North,Product C,21574.9,1025,2764.0
2023-01,East,Product A,50327.64,768,11368.85
2021-07,West,Product B,71772.52,636,9241.79
2020-02,West,Product A,76878.33,902,20607.91
2018-10,West,Product B,46986.06,430,7950.55
2021-12,Central,Product C,33523.71,705,8246.39
2024-12,Central,Product A,31461.17,728,7007.07
2023-02,West,Product A,71502.14,492,14160.71
2018-07,South,Product D,60435.08,627,7436.64
2023-06,East,Product D,41919.61,721,8379.12
2021-03,South,Product C,57982.24,873,7815.13
2019-02,West,Product D,47351.63,714,6083.5
2021-01,South,Product A,61008.62,570,16370.22
2019-01,South,Product D,42401.15,759,12652.41
2023-07,South,Product B,68741.08,532,16147.24
2019-05,East,Product C,54174.56,633,9062.75
2021-02,North,Product D,45445.16,952,6221.72
2025-06,East,Product A,57696.82,769,11439.81
2024-08,East,Product D,39785.97,963,10476.08
2024-02,East,Product A,62531.57,998,14291.07
2018-10,South,Product E,27630.17,811,5632.74
2021-02,East,Product D,30126.03,963,8193.56
2018-12,North,Product A,72062.34,1147,16296.18
2025-06,South,Product D,56615.19,719,8656.11
2023-10,West,Product C,40778.89,1054,11134.78
2023-07,West,Product A,59058.4,1241,7729.25
2023-12,South,Product E,34197.16,773,4888.76
2020-05,South,Product C,48497.46,598,9923.26
2020-04,West,Product B,50004.11,967,13311.0
2024-01,Central,Product D,62543.46,895,9835.21
2020-12,East,Product D,43730.89,543,9832.42
2018-06,Central,Product B,27236.38,553,3312.32
2020-01,South,Product B,36517.13,796,10645.54
2019-02,East,Product E,42014.66,993,9216.33
2025-02,West,Product D,56024.79,1144,8302.04
2018-02,Central,Product A,70945.4,1029,17394.31
2018-05,South,Product E,44289.54,785,10584.86
2022-11,Central,Product B,23399.69,1058,5848.83
2020-12,Central,Product D,59760.83,882,16997.28
2020-04,South,Product C,36893.26,724,9854.26
2024-08,Central,Product B,28880.9,863,6042.5
2019-03,West,Product C,37748.89,474,3936.16
2021-10,North,Product C,48818.61,671,12101.84
2018-09,Central,Product E,62277.61,491,16333.47
2022-04,West,Product D,43248.15,901,6472.12
2019-07,North,Product B,51783.73,905,11784.29
2024-04,Central,Product D,70877.23,884,12421.09
2019-06,Central,Product E,48562.55,401,6469.51
2018-09,North,Product B,57121.89,685,7220.86
2022-03,West,Product B,58337.85,786,12934.97
2022-10,Central,Product E,40911.29,578,5953.09
2021-12,South,Product D,42192.68,1048,4775.87
2024-11,South,Product B,23671.7,908,3799.41
2023-12,South,Product B,56792.17,883,6946.31
2023-02,South,Product A,45004.96,455,7175.04
2021-05,Central,Product C,60003.06,727,16052.86
2020-12,Central,Product E,24683.62,784,5876.55
2022-02,South,Product C,57226.12,815,6904.65
2018-04,South,Product E,68568.41,879,18396.19
2021-06,South,Product E,47939.17,906,12778.51
2019-04,North,Product B,38526.95,1084,5076.92
2024-04,South,Product D,65966.84,775,7731.55
2020-05,East,Product A,49052.93,629,9175.49
2023-06,Central,Product A,44419.99,515,13076.58
2025-08,West,Product A,63828.35,1013,16095.49
2019-12,Central,Product E,33753.17,851,9001.3
2020-12,Central,Product D,57490.93,743,7237.61
2018-08,East,Product D,87146.09,564,16605.98
2020-02,West,Product D,38429.34,864,6857.99
2025-08,Central,Product D,46345.74,1089,10903.12
2024-04,North,Product C,47961.11,672,6183.85
2023-03,Central,Product B,13287.57,780,3855.06
2024-07,South,Product A,36196.34,640,7230.16
2024-06,East,Product D,60911.11,991,8595.66
2018-07,South,Product A,36502.48,901,4791.68
2023-06,East,Product D,92710.61,880,22163.45
2018-12,East,Product B,29238.67,640,8456.99
2021-08,South,Product D,37642.3,1326,10232.21
2018-03,South,Product B,56828.35,885,6301.16
2022-05,West,Product D,37168.22,923,8565.03
2020-05,East,Product A,41496.1,927,8026.64
2024-05,North,Product B,41096.13,433,6343.8
2023-03,East,Product D,58124.59,706,10619.15
2019-10,Central,Product A,37243.17,856,6728.96
2018-02,North,Product E,34556.11,1044,9196.53
2020-07,West,Product C,53345.45,705,14564.6
2022-11,West,Product C,69364.21,936,9842.03
2022-10,Central,Product E,52920.98,584,9781.01
2019-01,South,Product D,40679.25,969,11368.72
2023-10,East,Product B,45679.04,1034,11848.65
2025-07,South,Product C,49189.37,905,12404.19
2020-04,East,Product A,57752.31,827,16486.57
2022-07,Central,Product A,60275.47,694,13653.64
2023-01,West,Product A,70510.95,658,13079.33
2025-04,East,Product E,29088.16,655,5063.28
2024-01,East,Product D,58839.25,698,7320.54
2018-10,West,Product A,16331.93,888,3023.35
2019-04,North,Product D,37716.95,469,11078.66
2020-07,South,Product B,70260.63,592,11669.14
2025-01,West,Product D,15469.82,969,2832.79
2025-05,West,Product E,49978.21,557,12899.15
2018-07,North,Product A,34551.02,666,4324.53
2021-11,East,Product B,19091.34,1128,2419.88
2019-12,West,Product D,53225.54,515,7221.41
2018-07,East,Product D,41831.88,922,10281.38
2020-03,West,Product A,30407.97,847,7197.87
2024-07,Central,Product E,24232.79,685,6334.07
2025-07,North,Product A,47133.26,1031,7182.25
2024-12,East,Product C,56536.33,806,13734.72
2024-08,South,Product B,43335.32,894,9212.92
2022-07,Central,Product E,39320.99,699,7114.83
2019-06,South,Product D,33135.01,729,4089.44
2023-02,South,Product C,58327.58,552,8682.12
2025-01,Central,Product E,28005.76,1225,7909.12
2018-11,West,Product C,59329.02,438,9132.97
2025-08,South,Product A,71683.56,1102,17759.72
2025-07,Central,Product A,59471.5,949,16029.15
2019-09,Central,Product C,58972.03,548,10936.56
2021-10,West,Product A,61368.85,833,10517.61
2021-10,East,Product B,31845.66,926,4099.12
2022-09,North,Product D,24022.57,1074,5326.07
2023-05,North,Product C,46839.34,963,9969.09
2018-02,North,Product B,39165.0,888,4098.12
2019-01,Central,Product C,46471.9,953,7478.77
2021-02,Central,Product B,36364.19,938,8426.92
2018-12,West,Product D,37158.26,884,4617.91
2019-09,Central,Product E,40429.05,1059,5383.4
2018-03,East,Product D,42023.55,1126,4215.44
2022-10,North,Product B,63101.37,526,8826.11
2024-04,North,Product D,47052.96,950,6917.48
2024-02,Central,Product C,31656.01,542,5686.75
2022-05,South,Product A,38412.24,1194,6897.72
2018-05,East,Product D,36593.82,568,7667.75
2024-07,South,Product B,54341.82,986,11938.67
2025-04,South,Product D,67079.58,265,12052.22
2018-10,North,Product E,35660.24,703,6264.11
2018-07,East,Product D,45934.54,527,11478.11
2022-11,Central,Product A,27873.1,849,2927.64
2022-04,West,Product E,16919.83,1017,2717.68
2022-01,North,Product B,57843.4,960,11325.35
2018-12,North,Product D,64862.04,719,11467.93
2022-05,West,Product B,46816.15,778,10428.8
2022-02,Central,Product D,62101.61,949,12410.87
2024-04,Central,Product B,73796.66,679,10096.07
2022-11,Central,Product B,56894.39,1143,11204.81
2022-08,West,Product A,30432.2,1051,4171.54
2018-07,East,Product A,65680.75,826,14975.25
2021-05,East,Product A,32927.38,946,4957.8
2018-04,South,Product E,68511.05,690,12931.39
2024-08,North,Product E,64546.52,1009,15493.26
2018-07,Central,Product D,53042.24,912,12172.94
2018-02,Central,Product C,59780.02,1059,15744.81
2020-07,North,Product B,75212.3,1103,21151.28
2023-04,North,Product E,59436.24,910,17806.39
2024-01,South,Product C,68062.21,802,14321.28
2018-04,Central,Product C,61059.84,682,7678.63
2018-03,West,Product C,61400.35,411,14488.14
2025-06,East,Product C,54914.13,540,11352.38
2019-06,South,Product A,49892.16,664,8270.98
2022-08,South,Product E,58723.97,1105,17161.51
2018-12,West,Product B,42951.71,1031,8292.25
2019-05,West,Product E,63912.66,310,18855.8
2024-06,South,Product A,40908.96,576,5961.03
2024-05,West,Product B,66388.58,420,10228.2
2022-06,East,Product E,45127.59,481,11251.9
2025-02,West,Product D,29548.02,744,5278.41
